1944 2904
821 139 876 145 -..
937 114 990 156 19
1051 140 1104 144 ,-

209 198 327 268 Pers.
356 208 542 281 v.*391';-
573 227 668 270 Aul.
706 242 744 270 v.
789 229 889 282 1663
934 228 1075 284 (Capt.
1119 229 1239 284 324);
1281 229 1366 271 Mil.
1408 243 1446 271 v.
1478 230 1571 270 676.
1616 228 1717 290 679;

85 272 89 277 ὃ
146 291 149 295 ·
210 293 317 336 Rud.
351 294 482 337 1229:
522 295 711 351 ,‚habeas
743 296 858 352 quod
890 296 934 338 di
972 296 1076 339 dant
1113 296 1251 340 bonif‘
1312 297 1431 354 Gapt.
1469 311 1509 340 v.
1542 297 1624 339 922
1655 309 1718 350 sq.

146 369 156 375 “’
209 362 366 405 Bacch.
398 363 528 416 11883
568 365 688 408 Cure.
722 366 822 417 531;
865 379 1012 408 omnes
1043 366 1160 409 locos
1193 366 1388 414 attulisse
1425 366 1535 408 nihil
1577 366 1717 408 refert.

212 428 270 473 Ut
299 434 443 475 autem
487 433 600 477 bona
642 433 705 476 ita
747 433 875 477 etiam
922 434 1035 477 mala
1067 448 1089 477 θ
1133 435 1310 478 deorum
1356 435 1555 480 manibus
1591 433 1717 477 nobis

160 498 169 506 '
211 499 456 554 obtingunt:
486 515 584 543 nam
617 504 663 543 ut
693 505 758 544 est
787 502 831 544 in
862 503 1016 558 Amph.
1046 518 1082 545 v.
1116 504 1217 546 635:
1248 504 1336 558 „ita
1358 504 1471 545 divis
1494 508 1559 546 est
1585 502 1716 557 placi—

211 571 314 622 tum,
344 569 613 626 voluptatem
656 574 702 613 ut
740 584 909 614 maeror
940 584 1083 615 comes
1129 572 1451 627 consequatu1.“
1512 571 1598 628 (Of.
1628 572 1716 614 Leo

172 658 176 659 ⁷
209 636 254 679 in·
285 651 392 681 mus.
421 639 539 685 r.hen
570 639 653 681 vol.
684 639 738 681 38
770 639 878 695 init.)
939 640 1025 682 Sed
1069 641 1184 683 mala
1225 644 1443 696 optumum
1481 645 1547 683 est
1578 653 1717 694 aeque

209 697 346 762 ferre,
367 721 462 750 cum
504 697 882 752 lamentationibus
926 723 978 752 ea
1021 709 1242 765 depellere
1285 723 1369 753 non
1411 709 1630 765 possimus
1673 711 1716 751 et

214 775 310 829 „qui
342 775 519 818 deorum
562 776 742 819 consilia
784 777 929 833 culpet
971 778 1123 820 stultus
1163 778 1427 832 inscitusque
1466 778 1554 819 sit“
1613 776 1717 833 (Mil.

211 836 330 900 736>;
374 844 425 888 cf,
458 845 580 901 Gapt.
611 861 648 889 v.
688 847 787 889 195:
829 846 899 901 „Si
942 847 985 889 di
1016 846 1282 890 immortales
1326 847 1371 889 id
1414 848 1590 890 voluere
1639 859 1716 888 vos

210 910 321 954 hanc
363 926 613 956 aerumnam
656 915 853 970 exsequi,
897 915 1033 958 Decet
1074 915 1120 957 id
1161 916 1252 972 pati
1290 916 1432 957 animo
1476 924 1635 969 aequo:
1679 914 1715 955 si

208 975 255 1022 id
284 980 452 1024 facietis
484 982 618 1025 levior
648 983 770 1025 labos
803 983 918 1037 erit‚“
961 988 1003 1025 et
1039 984 1083 1026 in
1120 985 1213 1026 Aul.
1246 998 1283 1026 v.
1316 985 1369 1025 88
1414 984 1563 1026 Euclio
1595 982 1717 1025 dicit:

213 1048 400 1101 „Patior;
433 1049 549 1105 quod
581 1050 623 1093 di
645 1051 749 1094 dant
769 1051 897 1094 fer0.“
941 1051 1062 1103 Quae
1095 1052 1308 1095 sententia
1330 1052 1459 1095 etiam
1480 1052 1523 1094 in
1546 1051 1717 1095 mediae

138 1138 147 1145 -
210 1121 253 1161 et
294 1132 433 1162 novae
465 1120 717 1164 comoediae
747 1121 1131 1164 innumerabilibus
1163 1122 1268 1164 locis
1306 1122 1473 1176 legitur.
1534 1122 1715 1177 Semper

71 1183 80 1192 ”
135 1198 140 1202 “
210 1201 312 1231 vero
344 1188 451 1232 deus
483 1202 691 1245 praesens
723 1193 804 1243 est,
849 1190 917 1232 oui
961 1191 1104 1233 omnia
1137 1204 1247 1245 quae
1290 1190 1474 1233 facimus
1518 1195 1560 1234 et
1599 1190 1713 1246 cogi-

208 1252 350 1306 tamus
381 1261 484 1299 nota
516 1261 628 1313 sunt3
662 1259 722 1301 sic
754 1259 858 1301 dicit
889 1259 1066 1301 Plautus
1097 1259 1141 1300 in
1172 1260 1326 1301 Bacch.
1358 1274 1395 1301 v.
1429 1261 1526 1301 638:
1573 1259 1715 1313 „Tace

150 1357 162 1368 .
208 1325 354 1368 modo:
385 1326 587 1381 respiciet
629 1340 707 1369 nos
737 1327 896 1381 aliquis
938 1327 1070 1370 deus“
1101 1331 1143 1369 et
1180 1327 1223 1369 in
1257 1327 1377 1380 Capt.
1409 1341 1448 1370 v.
1482 1329 1581 1370 313:
1613 1328 1714 1381 „Est

207 1393 399 1448 profecto
417 1394 523 1436 deus
538 1395 609 1449 qui
625 1407 737 1449 quae
758 1408 836 1437 nos
859 1396 1049 1449 gerimus
1070 1395 1276 1449 auditque
1300 1399 1342 1438 et
1361 1395 1516 1447 videtf‘
1560 1396 1714 1437 Totam

208 1460 341 1504 vitam
373 1462 416 1504 di
447 1468 600 1518 regunt
630 1466 673 1506 et
702 1465 953 1519 gubernant,
985 1465 1172 1507 maxime
1200 1468 1345 1507 autem
1367 1458 1534 1507 initium
1556 1469 1598 1507 et
1618 1463 1715 1507 finis

209 1529 266 1573 iis
295 1530 491 1575 subiecta
516 1535 629 1575 sunt.
691 1532 823 1576 Cuius
854 1533 916 1576 rei
949 1533 1149 1589 exempla
1187 1525 1399 1576 habemus
1434 1533 1521 1576 Mil.
1545 1546 1583 1576 v.
1614 1534 1715 1585 314;

213 1598 343 1651 „Quis
385 1601 524 1654 magis
568 1600 634 1642 dis
665 1601 850 1644 inimicis
881 1605 1007 1643 natus
1050 1615 1178 1656 quam
1208 1605 1254 1644 tu
1297 1605 1428 1657 atque
1470 1603 1634 1657 i1·atis;“
1665 1602 1716 1644 cf.

131 1710 141 1724 ‚
209 1667 290 1710 529
336 1681 398 1723 sq.
435 1669 505 1712 vel
543 1670 667 1713 Most.
710 1670 809 1713 563:
852 1670 1015 1725 „Natus
1059 1670 1126 1713 dis
1169 1670 1356 1714 inimicis
1399 1671 1632 1726 omnibus,“
1676 1675 1717 1715 et

207 1740 324 1780 reete
354 1737 459 1780 dicit
491 1737 691 1781 Callicles
723 1740 839 1782 Trin.
870 1740 922 1782 57
944 1755 952 1781 :
983 1741 1209 1795 „Deosque
1253 1754 1325 1783 oro
1372 1743 1417 1781 ut
1458 1741 1576 1783 vitae
1615 1745 1716 1784 tuae

208 1810 429 1861 superstes
461 1812 664 1863 suppetat
696 1806 805 1864 (scil.
837 1808 1001 1865 uxor);“
1054 1808 1105 1852 cf.
1137 1809 1269 1853 Poen.
1302 1810 1338 1852 5.
1370 1811 1407 1853 4.
1440 1810 1493 1852 14
1525 1823 1586 1865 sq.
1617 1810 1717 1853 Pul-

0 1863 4 1917 ζ
63 1869 67 1873 “
130 1905 137 1910 ,
208 1874 422 1917 cherrima
463 1890 562 1919 vero
606 1881 671 1920 est
701 1878 914 1920 sententia
944 1878 1020 1920 illa
1052 1879 1176 1922 nobis
1207 1892 1376 1934 quoque
1416 1879 1517 1921 trita
1554 1883 1596 1922 et
1626 1880 1716 1922 vul-

208 1944 343 1998 garis,
385 1958 513 1999 quam
556 1946 739 2000 legimus
782 1948 825 1989 in
855 1948 1010 1990 Bacch.
1041 1960 1083 1989 v.
1115 1948 1214 1990 816:
1257 1947 1418 2003 „Quem
1459 1948 1502 1990 di
1534 1948 1718 2003 diligunt

136 2004 155 2047 '—
207 2012 464 2069 adulescens
496 2014 709 2069 moritur,“
742 2028 870 2070 quem
892 2016 948 2058 ad
969 2017 1148 2058 verbum
1171 2020 1390 2059 mutuatus
1412 2020 1478 2060 est
1496 2030 1523 2059 a
1544 2018 1717 2060 Menan-

149 2091 161 2099 ·
209 2080 284 2133 dro
318 2082 391 2136 qui
421 2082 541 2125 dicit:
572 2074 621 2126 ὃν
652 2079 695 2126 οἱ
726 2082 830 2127 θεοὶ
860 2084 1075 2142 φιλοῦσιν,
1109 2078 1390 2143 ἀποθνήσκει
1419 2082 1524 2137 νέος.

322 2152 414 2194 Iam
448 2155 677 2208 postquam
707 2154 810 2209 quid
832 2154 1013 2197 Plautus
1036 2155 1352 2210 Terentiusque
1379 2156 1434 2199 de
1456 2156 1523 2198 dis
1545 2155 1715 2199 omnino

184 2221 420 2264 ‘senserint
451 2222 557 2264 satis
589 2222 882 2278 explicavisse
915 2224 1214 2279 exemplisque
1235 2224 1561 2268 demonstrasse
1593 2224 1716 2268 nobis

135 2298 146 2309 ·
199 2289 415 2345 'videmun
446 2304 532 2344 qua
563 2292 606 2334 in
638 2305 683 2335 re
705 2292 893 2336 maxime
915 2292 1114 2335 Plautum
1136 2298 1312 2348 praeter
1341 2293 1461 2336 locos
1490 2293 1718 2337 nonnullos

208 2358 496 2401 Romanorum
529 2360 786 2403 sententiam
839 2362 1024 2405 retinere
1068 2366 1111 2405 et
1153 2362 1345 2417 pr··ofe11e
1388 2361 1593 2417 vidimus,
1635 2375 1717 2420 age

136 2429 144 2437 ”
206 2439 318 2469 nunc
350 2427 541 2481 singulos
573 2428 679 2472 deos
710 2425 903 2484 deasque
936 2429 1149 2485 quomodo
1194 2430 1503 2486 descripserint
1543 2432 1718 2486 per-cen

208 2508 395 2550 seamus,
426 2509 510 2552 qua
541 2497 584 2540 in
614 2510 660 2540 re
702 2497 748 2540 id
792 2499 905 2553 quod
947 2500 1033 2542 iam
1066 2512 1177 2541 nunc
1210 2511 1543 2555 praesumamus
1583 2500 1719 2543 multa

129 2562 136 2595 ἶ
170 2593 172 2596 <
207 2578 263 2607 ex
294 2564 474 2609 Graecis
505 2570 677 2622 sumpta
709 2580 805 2610 cum
833 2568 1039 2611 Romanis
1061 2568 1199 2610 mixta
1230 2573 1339 2611 sunt.
1385 2568 1518 2612 Cuius
1538 2569 1602 2613 rei
1624 2569 1717 2613 sine

149 2669 151 2671 v
170 2681 173 2683 ,
192 2634 337 2677 -dubio
370 2648 503 2679 causa
524 2636 680 2692 partim
705 2650 758 2680 ea
780 2640 845 2680 est
867 2638 983 2692 quod
1006 2637 1275 2715 exemplalia
1295 2652 1348 2682 ex
1370 2638 1526 2692 quibus
1547 2638 1718 2682 fabulas

1464 2706 1507 2741 2*
