1944 2904
825 151 875 156 ..
938 125 995 167 40
1054 148 1109 155 —
1277 115 1279 117 ’
1618 104 1675 190 *³33

214 242 378 298 menta3
420 252 570 282 ve1um
614 239 833 282 enimvero
877 239 997 281 nulla
1034 239 1274 293 adaequest
1306 239 1549 299 Acheruns,
1592 243 1723 295 atque

181 356 184 360 ¹
218 307 293 359 ubi
325 321 407 365 ego
437 308 499 351 fui
531 308 571 349 in
604 306 863 363 lapicidinis.
876 310 892 329 “
944 307 1000 349 Hi
1031 320 1182 350 versus
1214 320 1311 349 mea
1342 308 1557 350 sententia
1591 309 1725 351 Grae-
1761 301 1783 357 s
1805 311 1873 364 '9⁵2‘

206 389 317 434 ,cum
348 380 519 434 poetam
553 375 743 432 sapiunt3
785 388 886 419 nam
918 379 964 419 ut
995 375 1104 419 dicit
1129 375 1288 419 Nissen
1319 375 1344 418 l.
1374 374 1401 418 i.
1431 390 1472 432 p
1503 376 1548 433 23
1591 377 1724 429 „Tar·
1728 371 1764 386 ‘'
1848 362 1859 372 “

215 449 353 500 tarum
379 445 623 488 describere
656 450 700 488 et
730 443 863 486 variis
894 444 1073 500 pingere
1104 443 1319 488 coloribus
1350 448 1417 487 est
1438 444 1722 502 Graecorum

206 511 377 557 'Italiae
409 514 562 557 incolis
593 513 663 556 hic
695 514 813 557 locus
846 513 1129 557 circumfusus
1161 519 1226 556 est
1263 513 1421 556 crassis
1459 513 1723 558 tenebris-in

217 583 372 638 quibus
404 582 599 626 homines
631 582 748 626 nullo
779 582 906 625 modo
949 583 1087 627 lineas
1131 595 1234 626 suas
1265 583 1424 626 ducere
1465 570 1734 639 possunt.“1)*
1783 580 1786 585 '

215 652 297 695 Per
325 654 472 694 -iocum
503 652 659 707 Amph.
691 665 728 693 v.
764 655 871 694 1029
905 655 971 694 est
1001 653 1283 706 compositus:
1329 651 1561 706 „Verbero,
1591 651 1723 697 etiam

217 721 317 777 quis
356 735 434 776 ego
480 720 560 763 sim
603 734 672 764 me
714 720 895 777 rogitas,
938 721 1149 764 ulmorum
1181 719 1464 765 Acheruns?“
1508 719 1625 776 quod
1654 733 1724 764 co·
1852 719 1870 755 ’κ

146 808 152 815 ·
216 803 401 844 gnomen
433 803 558 831 servo
589 789 840 832 attribuitur
870 790 991 832 cuius
1011 790 1055 832 in
1077 794 1197 844 tergo
1228 790 1440 832 ulmorum
1470 789 1581 832 rami
1609 789 1722 832 fran-
1819 784 1821 786 ’

213 862 378 914 guntur.
438 859 504 901 De
546 859 677 901 Poen.
722 871 826 901 vero
857 858 1026 914 prologi
1068 872 1194 902 versu
1226 858 1277 900 71
1321 871 1464 914 pauca
1504 858 1724 901 adnotem:

217 927 321 970 dicit
350 930 497 983 poeta:
542 926 667 981 „Ipse
710 926 803 969 abit
847 927 903 969 ad
935 928 1224 970 Acheruntem
1268 926 1362 969 sine
1403 926 1610 981 viatico,“
1653 925 1726 982 (cf-
1780 927 1807 986 V]
1851 924 1870 948 >⁵

101 988 107 998 ’
156 1028 162 1033 «
218 996 407 1049 Mueller,
449 997 585 1051 plaut.
617 995 823 1040 Prosodie
855 1012 894 1052 p.
927 995 1029 1052 382)
1065 997 1186 1039 cuius
1229 1009 1383 1039 versus
1425 996 1560 1040 verba
1603 997 1725 1048 „sine
1796 1009 1799 1014 ’

216 1064 403 1113 viatico“
436 1078 522 1107 non
554 1064 680 1107 aliter
710 1069 815 1121 puto
848 1064 1044 1119 intellegi
1066 1077 1196 1120 posse
1226 1077 1355 1119 quam
1383 1063 1438 1106 de
1461 1054 1724 1107 Graecorum

216 1133 300 1175 ritu
327 1133 510 1176 'mortuis
540 1132 794 1189 priusquam
826 1133 1078 1178 efferrentur
1109 1133 1281 1177 obolum
1312 1133 1355 1176 in
1388 1146 1436 1176 os
1464 1132 1725 1189 imponendi,

216 1201 330 1256 quod
370 1203 425 1245 ab
468 1202 759 1245 Romanorum
802 1216 885 1245 usu
928 1202 1116 1245 alienum
1160 1205 1262 1246 erat.
1334 1202 1488 1245 Iocose
1530 1193 1726 1257 appellat

150 1269 152 1273 '
182 1262 391 1312 'Plautus
422 1270 466 1312 in
498 1271 626 1314 Merc.
669 1283 707 1312 v.
739 1271 825 1313 290
873 1270 1093 1323 „vetulum
1136 1269 1404 1325 decrepitum
1442 1273 1617 1312 senem“
1650 1269 1724 1323 qui

167 1354 170 1358 ·
210 1328 309 1379 mox
339 1338 529 1380 animam
567 1352 688 1381 suam
722 1338 891 1382 efflabit
938 1338 1343 1394 „Acherunticum;“
1388 1338 1443 1382 cf.
1474 1337 1605 1380 etiam
1635 1336 1725 1379 Mil.

209 1421 248 1449 v.
280 1407 361 1449 627
395 1411 437 1449 et
470 1409 565 1450 Cas.
596 1422 632 1450 v.
666 1410 702 1450 2.
737 1410 772 1449 1.
806 1410 871 1463 12,
903 1408 974 1451 ubi
1010 1406 1295 1460 „Acheruntis
1325 1407 1557 1463 pabulum“
1590 1405 1724 1449 homi-

210 1488 308 1517 nem
339 1474 553 1530 significat
574 1474 753 1530 dignum
779 1476 852 1531 qui
873 1476 931 1519 ad
961 1480 1143 1519 mortem
1165 1475 1367 1518 mittatur.
1412 1474 1550 1530 Regni
1581 1473 1734 1518 autem

147 1552 151 1558 ⁴
211 1543 446 1587 inferorum
478 1558 556 1587 rex
588 1558 683 1588 cum
714 1546 792 1588 Dis
825 1546 959 1588 Pater
990 1558 1118 1599 quem
1148 1545 1327 1588 Plautus
1357 1558 1442 1588 non
1473 1556 1728 1588 commemo-

176 1625 181 1630 ·
215 1616 281 1654 rat
312 1617 402 1655 tum
426 1612 561 1657 Orcus
597 1626 695 1657 esse
727 1613 976 1669 putabatur,
1006 1617 1052 1655 ut
1085 1613 1216 1657 estin
1237 1613 1355 1655 Asin.
1378 1625 1415 1656 v.
1438 1613 1537 1655 606:
1570 1611 1725 1669 „Apud

216 1680 371 1724 Orcum
393 1686 436 1725 te
458 1682 658 1737 videbo;“
695 1683 745 1725 cf.
767 1683 949 1725 Mostell.
972 1697 1010 1724 v.
1030 1684 1127 1724 499.
1158 1682 1280 1738 Capt.
1302 1682 1404 1724 283:
1440 1682 1587 1733 „Nunc
1609 1682 1728 1723 vivat

105 1738 112 1746 ’
141 1768 144 1772 ·
213 1762 349 1797 necne
381 1750 426 1793 id
458 1750 615 1794 Orcum
649 1751 758 1794 scire
791 1754 1002 1807 oportet;“
1037 1755 1268 1806 praeterea
1298 1751 1394 1805 lege
1415 1751 1541 1806 Epid.
1570 1764 1610 1792 v.
1632 1750 1728 1793 363,
1757 1746 1766 1782 s
1827 1761 1829 1763 ’
1870 1754 1873 1758 ’

215 1818 285 1865 Ps.
304 1820 401 1875 795,
434 1819 549 1864 Trin‘.
583 1820 665 1863 525
697 1833 794 1863 cum
825 1819 923 1863 adn.
947 1820 1093 1875 Brixii,
1125 1820 1282 1862 Bacch.
1314 1833 1352 1863 v.
1385 1820 1485 1862 368:
1518 1818 1741 1878 „Pandite
1797 1816 1802 1823 ’

214 1892 346 1943 atque
368 1890 537 1944 aperite
568 1903 753 1944 propere
783 1890 960 1932 ianuam
991 1889 1104 1931 hanc
1128 1888 1239 1943 Orci,
1271 1888 1450 1932 obsecro
1482 1888 1552 1945 (cf.
1573 1881 1730 1930 Aesch-

215 1957 298 2013 Ag.
330 1971 368 2001 v.
402 1956 545 2014 1245).
606 1957 694 2002 Sed
723 1959 906 2002 Mortem
939 1972 1111 2013 quoque
1142 1959 1284 2014 ipsam
1311 1962 1359 2001 ut
1384 1958 1502 2014 apud
1538 1956 1731 2001 Graecos

216 2026 279 2070 ita
313 2026 446 2070 etiam
476 2027 594 2084 apud
625 2027 825 2071 Plautum
856 2028 1045 2083 gessisse
1075 2040 1303 2084 personam
1341 2040 1470 2071 versu
1503 2026 1603 2071 cist.
1635 2027 1673 2071 3.
1705 2027 1730 2069 9
1830 2016 1834 2020 ’
1860 2012 1912 2042 ³³⁴⁷

217 2095 417 2139 efficitur:
462 2097 655 2152 „Recipe
698 2111 767 2139 me
809 2098 867 2140 ad
909 2100 951 2140 te
993 2098 1110 2139 Mors
1141 2096 1327 2139 amicum
1372 2100 1414 2139 et
1444 2095 1724 2160 benevolum“

222 2178 348 2219 quem
392 2165 449 2208 ad
493 2179 665 2208 versum
708 2180 793 2209 non
835 2165 983 2209 dubito
1032 2164 1264 2209 adnectere
1306 2164 1464 2215 Bacch.
1515 2179 1553 2208 v.
1597 2165 1724 2207 1152:

223 2234 390 2290 „Meum
423 2247 605 2290 pensum
638 2249 719 2290 ego
750 2234 898 2292 lepide
934 2234 1166 2290 adcurabO,
1198 2228 1502 2290 quamquamst
1543 2234 1724 2278 Mortem

209 2303 504 2359 -amplexari;“
529 2304 587 2348 ef.
618 2304 780 2347 Tibulli
812 2317 942 2348 carm.
976 2304 1005 2348 L
1040 2305 1076 2347 1.
1108 2304 1180 2346 70:
1216 2303 1334 2357 „Iam
1365 2303 1510 2347 veniet
1532 2302 1742 2347 tenebris:
1800 2349 1807 2354 ,
1840 2351 1856 2362 Ὺ,

219 2370 333 2415 Mors
365 2371 578 2427 adoperta
609 2371 777 2428 caput,“
813 2376 856 2416 et
888 2374 923 2416 1.
958 2374 995 2415 2.
1015 2375 1042 2415 4
1075 2385 1138 2427 sq.
1161 2370 1344 2415 Omnino
1367 2371 1516 2415 Mortis
1537 2383 1744 2427 persona⁴
1839 2420 1845 2426 ..

220 2438 416 2482 omnibus
447 2439 621 2497 populis
663 2443 765 2484 nota
796 2443 874 2484 est.
894 2465 951 2471 —
977 2440 1044 2484 De
1076 2452 1194 2483 more
1225 2439 1425 2496 sepulcra
1466 2442 1729 2505 mortuorum
1845 2485 1867 2501 ,ἲ

317 2589 341 2632 ¹)
367 2587 488 2624 Recte
513 2587 631 2633 igitur
656 2588 750 2625 dicit
774 2588 976 2626 Calidorus
1001 2588 1039 2624 in
1064 2589 1127 2627 ΡΒ.
1144 2599 1180 2625 V.
1206 2592 1269 2625 90:
1293 2587 1507 2633 „Certumst
1524 2586 1613 2623 mihi
1639 2590 1726 2624 ante
1765 2572 1770 2576 ⁸
1822 2570 1825 2573 Α
1851 2563 1884 2625 Ἰ,

218 2645 396 2683 tenebras
421 2646 635 2692 persequi.“
