1944 2904
858 131 1182 194 ÷53-.

207 236 454 300 jf'astutiam
483 244 658 288 amabat
689 257 801 300 quae
832 257 902 303 res
924 243 1019 287 cu'm
1041 244 1317 289 mercimonio
1340 244 1583 288 cohaerent.
1624 245 1756 288 Recte

138 334 161 375 ‚q
212 347 215 350 a
234 305 239 353 ¹.
249 313 380 370 igitur
391 312 447 357 'de
469 326 516 357 se
537 313 631 369 ipse
651 314 756 357 dicit
774 315 817 357 in
831 314 985 370 Amph.
1006 327 1045 356 v.
1061 316 1160 358 470:
1192 314 1387 367 „Erroris
1408 314 1534 358 ambo
1556 327 1635 370 ego
1657 314 1756 357 illos

139 396 146 406 ³
168 417 170 420 v
213 378 548 427 fet-dementiae
564 382 797 438 Complebo
822 386 953 438 atque
971 383 1296 439 Amphitruonis
1327 397 1495 426 omnem
1508 383 1757 426 familiam.“

366 450 678 506 Convertamus
701 451 758 494 ad
791 451 1097 506 Aesculapium
1129 451 1255 494 deum
1284 453 1404 494 cuius
1435 452 1594 494 cultum
1621 455 1756 494 totum

139 555 160 558 γ.
191 530 194 531 ’
249 520 433 565 Romani
470 533 494 564 e
534 520 719 564 Graecia
761 520 1068 563 transtulerunt
1111 534 1197 576 qua
1234 520 1287 564 de
1327 534 1370 564 re
1402 520 1564 565 Preller
1601 536 1639 578 p.
1672 521 1756 563 134

139 586 163 620 ‘f
210 636 213 638 o
249 593 293 635 et
314 590 395 634 606
427 590 664 633 lucu-lenter
695 588 906 633 disseruit.
955 588 1047 641 Quo
1077 589 1238 632 factum
1269 593 1335 633 est
1365 593 1410 632 ut
1440 589 1552 633 hunc
1584 602 1755 645 quoque

248 660 376 703 deum
414 663 565 716 aperto
609 658 751 715 capite
787 663 1110 715 venerarentur3
1154 659 1234 702 hoc
1265 659 1377 702 enim
1417 673 1440 703 e
1473 659 1594 703 Curc.
1626 671 1755 702 versu

249 730 331 773 389
363 728 399 772 si
439 732 555 771 recte
591 727 719 771 video
762 728 958 771 concludi
1001 727 1141 771 debet.
1202 728 1398 771 Curculio
1429 729 1647 771 Luconem
1678 726 1755 770 ad-

250 798 493 841 venientem
525 811 620 840 cum
652 797 825 840 viderit:
858 797 1000 852 „Quis‚
1030 797 1185 851 inquit,
1229 797 1298 839 hic
1335 802 1400 840 est
1431 800 1579 853 operto
1612 797 1754 852 capite

249 866 324 922 qui
359 866 666 922 Aesculapium
689 865 912 909 Salutat“‘?
973 864 1097 916 Quod
1128 866 1163 908 si
1186 866 1300 909 Luco
1333 869 1447 909 recte
1477 865 1641 909 fecerat
1670 879 1755 908 non

251 939 346 978 erat
376 949 450 978 cur
472 934 669 978 Curculio
701 935 755 978 de
786 934 866 977 hac
896 948 942 978 re
975 935 1202 989 quicquam
1234 935 1413 978 diceret:
1451 934 1530 977 sed
1560 934 1614 978 de
1646 935 1755 977 mira

248 1002 325 1047 illa
356 1006 398 1047 et
429 1003 541 1046 falsa
573 1003 830 1046 salutatione
861 1006 1005 1047 tacere
1036 1017 1120 1047 non
1151 1006 1329 1061 poterat.
1374 1004 1479 1047 Cum
1501 1003 1753 1060 Aesculapii

241 1075 392 1116 autem
426 1073 542 1115 cultu
573 1073 789 1115 incubatio
822 1086 993 1127 quoque
1023 1077 1153 1115 antea
1174 1073 1338 1115 Romae
1369 1074 1515 1127 ignota
1545 1072 1618 1128 (cf,
1641 1073 1754 1115 Mar-

249 1140 405 1196 quardt
436 1141 511 1184 l.1i
545 1156 583 1197 p.
616 1140 688 1197 98)
730 1141 868 1184 ascita
905 1145 982 1184 est.
1044 1140 1136 1193 Quo
1179 1141 1233 1184 de
1276 1141 1551 1185 divinationis
1594 1154 1752 1196 genere

249 1209 356 1253 satis
388 1209 590 1252 docemur
619 1209 764 1252 verbis
787 1209 1059 1266 Cappadocis
1089 1210 1132 1251 in
1166 1210 1286 1253 Cure.
1316 1223 1399 1252 vss.
1432 1211 1515 1251 260
1536 1223 1599 1264 sq.
1632 1211 1750 1264 „Hac

250 1282 374 1322 nocte
405 1278 448 1321 in
491 1278 651 1322 somnis
687 1278 808 1321 visus
851 1292 943 1321 sum
987 1279 1147 1321 tuerier
1176 1279 1330 1321 Procul
1368 1279 1521 1322 sedere
1565 1279 1690 1333 longe
1722 1292 1749 1321 a

242 1360 315 1389 -me
337 1347 662 1403 Aesculapium:
693 1347 845 1402 Neque
871 1360 968 1390 eum
994 1346 1051 1389 ad
1081 1360 1148 1390 me
1180 1347 1301 1390 adire
1332 1359 1472 1401 neque
1504 1359 1572 1389 me
1604 1347 1748 1401 magni

191 1450 194 1451 ν
248 1415 437 1472 pendere
459 1415 692 1459 Visumst“.
755 1416 874 1471 Coq.:
911 1415 1056 1469 „Idem
1078 1416 1188 1458 alios
1221 1415 1326 1459 deos
1349 1415 1536 1458 iactares
1568 1416 1749 1459 scilicet:

247 1485 362 1528 Sane
392 1485 455 1527 illi
497 1485 609 1528 inter
639 1498 686 1528 se
729 1487 961 1539 congruont
1003 1483 1281 1528 concorditer.
1330 1484 1450 1527 Nihil
1491 1487 1557 1527 est
1594 1484 1749 1527 miran-

248 1553 349 1597 dum
380 1552 533 1596 melius
564 1553 600 1596 si
632 1553 692 1597 nil
723 1553 778 1596 sit
809 1553 902 1596 tibi:
924 1553 1122 1608 Namque
1154 1552 1357 1597 incubare
1379 1552 1513 1596 satius
1545 1556 1588 1596 te
1608 1552 1750 1597 fuerat

247 1622 352 1675 Iovi,
381 1623 552 1665 Auxilio
574 1623 652 1665 tibi
673 1622 744 1677 qui
770 1622 815 1665 in
835 1621 1110 1665 iureiurando
1131 1621 1246 1664 fuit.“
1293 1622 1440 1678 Capp.:
1477 1621 1548 1675 „Si
1575 1622 1749 1677 quidem

247 1691 450 1736 incubare
482 1692 554 1748 qui
584 1692 842 1749 periurarint
872 1692 1022 1747 velint,
1064 1692 1204 1735 Locus
1240 1705 1323 1735 non
1360 1691 1606 1748 praehiberi
1637 1692 1750 1748 potis

247 1764 313 1804 est
342 1761 386 1804 in
417 1761 669 1816 Capitoli0.“
730 1761 849 1815 Coq.:
896 1762 1012 1813 „Hoc
1043 1761 1233 1803 animum
1271 1761 1466 1803 advorte:
1509 1774 1662 1816 pacem
1694 1761 1749 1804 ab

246 1830 507 1885 Aesculapio
550 1834 692 1885 petas,
734 1843 788 1873 ne
823 1830 933 1872 forte
975 1829 1147 1872 eveniat
1187 1829 1264 1872 tibi
1306 1842 1509 1884 magnum
1545 1829 1749 1885 malum¹)

248 1897 371 1951 Quod
402 1898 447 1941 in
484 1898 626 1953 quiete
667 1897 743 1942 tibi
786 1899 1110 1954 portentumst.“
1173 1897 1382 1941 Incubare
1418 1897 1549 1953 igitur
1585 1898 1623 1941 si
1653 1897 1749 1954 quis

244 1968 389 2023 vellet,
421 1968 536 2010 omni
557 1981 654 2011 eum
676 1968 804 2024 culpa
825 1970 867 2011 et
887 1967 1005 2009 vitiis
1026 1967 1207 2010 liberum
1230 1980 1326 2010 esse
1348 1968 1584 2023 oportebat,
1617 1981 1749 2023 quare

246 2036 486 2095 Cappadox
516 2037 713 2093 periurus
743 2040 859 2081 recte
891 2036 996 2079 dicit
1025 2036 1068 2079 in
1099 2050 1138 2080 v.
1170 2037 1268 2080 216:
1301 2036 1515 2092 „Migrare
1547 2040 1750 2081 certumst

245 2118 356 2149 nunc
386 2106 474 2149 iam
505 2119 528 2149 e
559 2105 659 2149 fano
697 2106 839 2149 foras“
867 2118 946 2148 nec
977 2105 1059 2148 nisi
1091 2105 1219 2148 venia
1260 2105 1396 2161 petita
1438 2106 1577 2149 malus
1620 2106 1748 2149 homo

244 2175 401 2220 bonum
432 2176 658 2232 augurium
691 2175 774 2219 sibi
804 2174 1002 2232 portendi
1035 2188 1210 2231 sperare
1239 2179 1396 2232 potest3
1429 2176 1481 2219 cf.
1502 2190 1541 2219 v.
1572 2179 1656 2220 270
1686 2191 1748 2233 sq.

244 2240 374 2301 Apud
397 2244 587 2289 Graecos
617 2258 718 2288 vero
752 2258 898 2288 omnes
929 2244 973 2287 di
995 2244 1172 2287 somniis
1203 2244 1448 2289 voluntates
1479 2259 1580 2288 suas
1611 2250 1750 2291 osten-

244 2313 347 2358 dere
378 2314 641 2374 putabantur
671 2313 741 2371 (cf.
772 2314 990 2358 Hermann
1020 2328 1060 2370 p.
1092 2314 1186 2357 229.
1218 2316 1239 2355 7
1275 2317 1315 2356 et
1347 2315 1439 2357 264.
1475 2315 1529 2371 1),
1559 2316 1748 2360 maxime

339 2420 365 2465 ¹)
390 2418 501 2454 Hunc
539 2429 690 2455 versum
721 2424 785 2455 271
819 2418 1093 2455 Fleckeisenus
1130 2418 1185 2453 sic
1217 2419 1389 2465 scripsit:
1429 2419 1567 2465 „Petas
1593 2430 1641 2458 ne
1666 2419 1747 2458 fors

245 2475 317 2513 tibi
343 2479 483 2513 evenat
508 2487 680 2522 magnum
706 2477 884 2519 malum;“
908 2476 1134 2515 Muellerus:
1160 2478 1291 2522 „Petas
1317 2488 1364 2515 ne
1390 2477 1458 2514 tibi
1483 2476 1584 2514 forte
1610 2483 1750 2515 evenat

244 2537 397 2578 m.m.;“
423 2535 491 2571 sed
511 2534 671 2571 formam
698 2539 880 2577 „evenaw
905 2535 942 2570 in
956 2531 1031 2572 fine
1048 2539 1190 2572 tantum
1206 2546 1340 2573 versus
1366 2536 1542 2572 usitatam
1560 2535 1633 2572 hoc
1660 2537 1747 2574 loco

246 2596 382 2629 contra
408 2592 527 2629 libros
554 2593 592 2628 in
618 2596 760 2629 textum
786 2593 959 2638 recipere
977 2604 1053 2630 non
1069 2593 1256 2640 audeam3'¹
1281 2594 1443 2632 cf.Brix.
1464 2594 1512 2630 ad
1527 2593 1628 2631 Trin.
1641 2606 1679 2635 v.
1692 2601 1746 2632 41.
