1944 2904
825 155 1109 196 -37-

144 252 148 260 ἶ
175 256 447 314 “Palinurus
479 268 795 312 Phaedromum
827 268 1079 322 interrogat:
1122 267 1260 320 „Quid
1291 267 1364 309 tu?
1408 267 1593 309 Venerin
1624 281 1721 323 per-

87 375 100 387 s
146 336 150 339 ⁷
214 336 399 393 vigilare
415 343 457 382 te
479 337 636 382 vovisti
656 336 960 382 Phaedrome?
989 337 1101 380 Nam
1122 338 1203 380 hoc
1227 337 1397 391 quidem
1423 337 1578 393 euepol
1608 337 1720 379 haud

214 405 351 448 multo
393 411 493 461 post
535 407 631 449 luce
669 406 872 461 lucebitst
915 405 1198 459 similiterque
1242 406 1443 458 intellego
1476 406 1584 447 Rud.
1618 406 1720 459 prol.

213 487 257 518 vr
277 475 348 518 60:
382 475 483 527 „Ait
515 488 611 519 sese
633 474 791 519 Veneri
813 474 925 517 velle
947 477 1091 516 votum
1115 474 1320 529 solvere,“
1345 488 1605 529 quamquam
1638 475 1720 516 hoc

79 542 87 560 ²
213 547 359 586 votum
392 544 484 588 sine
516 543 647 587 dubio
679 543 738 586 ad
765 543 895 586 'aliam
931 556 1099 598 quoque
1131 556 1219 585 rem
1254 557 1380 598 quam
1404 546 1459 584 ad
1491 542 1721 598 pervigilia

211 613 363 657 referri
394 617 546 669 potest.
591 612 677 656 Sed
709 626 805 656 cum
827 612 1008 655 Plautus
1040 613 1082 655 in
1104 613 1262 655 fabulis
1284 613 1372 655 suis
1395 613 1446 654 de
1481 612 1720 668 pervigiliis

218 673 267 725 ut
297 682 350 725 de
381 696 498 725 more
530 682 644 725 alius
674 682 823 738 populi
855 682 964 724 bene
987 681 1133 724 dicere
1165 685 1324 736 posset,
1355 681 1525 724 etiamsi
1556 682 1719 724 Romae

209 751 255 793 in
290 764 369 794 usu
393 765 479 794 non
511 755 651 806 erant,
684 751 751 793 his
782 750 890 794 locis
912 750 1126 793 Plautinis
1148 750 1359 793 Lobeckii
1391 751 1604 793 sententia
1636 763 1720 791 non

211 819 418 863 firmatur.
479 821 630 863 Restat
661 819 777 862 Asin.
809 833 846 861 v.
880 821 978 861 904:
1026 820 1150 871 „Iace
1192 823 1318 874 pater
1347 819 1473 869 talos,
1509 823 1555 861 ut
1591 832 1719 874 porro

210 902 289 932 nos
319 889 611 932 iaeiamus.“::
644 889 886 942 „Maxume
930 887 1003 943 Te,
1025 887 1282 943 Philenium,
1313 888 1419 929 mihi
1441 893 1572 942 atque
1595 887 1719 929 uxori

54 984 60 991 ‚
90 1000 97 1007 ,
143 965 146 967 ’
211 961 401 1000 mortem.
432 957 514 999 hoc
536 958 850 1001 Veneriumst.“
904 956 1098 1008 Quatuor
1128 957 1206 999 tali
1237 958 1273 998 si
1306 970 1452 999 omnes
1473 957 1576 999 iacti
1607 956 1720 998 alius

212 1026 345 1070 alium
367 1040 592 1070 numerum
612 1025 812 1082 habebat,
833 1025 951 1083 apud
973 1026 1165 1070 Graecos
1188 1029 1230 1069 et
1250 1025 1467 1069 Romanos
1491 1025 1559 1069 hic
1581 1025 1719 1069 iactus

177 1102 181 1106 “
220 1095 435 1138 Venerius
472 1096 725 1147 vocabatur3
762 1096 861 1137 vide
900 1095 1093 1138 Ciceron.
1132 1095 1186 1137 de
1217 1095 1304 1136 div.
1342 1096 1376 1137 Ι.
1410 1096 1475 1147 13,
1508 1096 1560 1137 23
1604 1099 1647 1137 et
1677 1095 1719 1136 II

211 1165 277 1207 21.
307 1164 374 1208 48.

326 1232 530 1287 Sequitur
573 1236 619 1274 ut
649 1232 703 1274 de
737 1232 893 1275 Cerere
924 1233 1191 1275 disseramus
1223 1244 1334 1286 quae
1378 1232 1478 1274 inde
1516 1233 1573 1274 ab
1604 1233 1717 1274 anti-

178 1357 180 1360 Α
211 1294 431 1358 quissimis
470 1302 735 1358 temporibus
765 1301 808 1345 in
840 1301 969 1345 Italia
1000 1303 1116 1345 culta
1146 1301 1357 1357 imprimis
1395 1302 1479 1345 dea
1517 1301 1716 1345 frumenti

149 1378 151 1380 '
211 1384 307 1414 esse
337 1372 585 1428 putabatur3
617 1383 749 1426 quare
781 1371 959 1413 Plautus
991 1371 1035 1413 in
1066 1371 1173 1414 Rud.
1204 1384 1241 1413 v.
1275 1372 1499 1414 144—146
1533 1371 1718 1426 Scepar-

213 1439 385 1482 nionem
426 1440 502 1481 ad*
527 1439 826 1495 Plesidippum
874 1443 991 1483 recte
1041 1439 1254 1482 dicentem
1301 1439 1422 1482 fecit:
1474 1439 1718 1491 „Nullumst

208 1508 418 1567 periclum
449 1512 493 1551 te
524 1507 623 1550 hinc
654 1508 716 1550 ire
746 1507 997 1564 inpransum
1019 1506 1207 1551 domum.
1245 1506 1445 1550 Cererem
1466 1511 1509 1550 te
1543 1507 1731 1553 meliust

210 1590 339 1633 quam
371 1576 584 1620 Venerem
626 1577 849 1628 sectarier;
890 1576 1037 1618 Amori
1079 1577 1189 1619 haec
1233 1579 1370 1630 curat,
1413 1576 1553 1619 tritico
1596 1581 1717 1619 curat

212 1646 379 1690 Ceres.“
415 1645 584 1689 Cereris
616 1659 717 1689 vero
749 1645 899 1700 vigilia
930 1659 1042 1700 quae
1074 1649 1461 1689 commemorantur
1498 1647 1542 1688 in
1572 1646 1716 1689 Aulul.

212 1729 251 1759 v.
282 1717 335 1758 36
368 1719 411 1758 et
443 1716 543 1757 794:
585 1715 707 1770 „Ego
738 1728 824 1770 me,
855 1715 994 1770 inquit
1025 1716 1287 1771 Lyconides,
1324 1715 1528 1757 iniuriam
1558 1715 1715 1758 fecisse

211 1775 326 1828 filiae
356 1784 496 1828 fateor
539 1789 640 1827 tuae
672 1784 842 1827 Cereris
872 1784 1035 1839 vigiliis
1067 1798 1143 1840 per
1180 1784 1325 1827 vinum
1363 1790 1494 1840 atque
1526 1784 1716 1841 impulsu

207 1852 567 1907 adulescentiae‚“
603 1852 825 1907 quaeritur
855 1855 995 1895 utrum
1017 1852 1075 1895 ad
1097 1853 1442 1908 Thesmophoria
1464 1867 1518 1895 an
1540 1854 1597 1895 ad
1619 1853 1715 1909 ipsa

165 1956 178 1980 3
210 1920 437 1965 Eleusinia
466 1920 720 1965 referamus.
779 1921 891 1963 Nam
921 1920 1007 1963 illis
1040 1935 1212 1976 quoque
1243 1922 1417 1964 licuisse
1449 1922 1551 1963 viris
1583 1922 1715 1964 inter-

206 2003 306 2034 esse
333 1982 422 2034 1'10n
453 1990 583 2047 plane
603 1989 888 2046 improbabile
910 1993 976 2033 est
998 1989 1172 2033 scholiis
1193 1989 1251 2033 ad
1272 1990 1507 2034 Lucianum
1528 1990 1713 2047 primum

209 2060 339 2104 editis
369 2060 425 2103 ab
457 2060 570 2103 Erw.
602 2058 754 2101 Rhode
784 2059 829 2101 in
860 2072 965 2101 mus.
996 2059 1113 2102 rhen.
1144 2060 1227 2103 vol.
1258 2061 1312 2105 25
1340 2074 1438 2116 pag.
1466 2062 1711 2115 548—560;

208 2129 308 2173 vide
340 2131 568 2185 praeterea
599 2127 873 2172 Schoemann
903 2128 930 2170 l.
961 2127 988 2170 i.
1018 2143 1059 2184 p.
1089 2127 1184 2172 483.
1228 2129 1278 2170 In
1310 2128 1437 2172 huius
1459 2128 1569 2173 deae
1601 2129 1711 2173 festo

196 2198 277 2244 ,die
323 2198 397 2253 qui
442 2197 612 2241 Cereris
654 2197 831 2251 nuptiae
874 2196 1112 2240 vocabatur
1154 2198 1300 2240 vinum
1344 2199 1585 2241 adhibitum
1628 2213 1712 2241 non

204 2273 309 2311 esse
333 2266 488 2310 docent
518 2265 615 2310 Aul.
645 2277 755 2308 vers.
787 2266 1030 2308 354—356:
1062 2264 1138 2308 St:
1184 2265 1401 2320 „Ce1·erin‚
1433 2266 1633 2321 Strobile‚
1664 2267 1709 2310 hi

205 2338 303 2379 sunt
333 2335 489 2378 facturi
518 2334 750 2390 nuptias?“
795 2335 893 2377 Stra
928 2334 1089 2387 „Qui‘?“
1137 2336 1215 2378 St.:
1255 2335 1396 2388 „Quia
1425 2336 1572 2379 temeti
1602 2336 1711 2379 nihil

203 2403 385 2448 allatum
416 2403 664 2460 intelleg0,“
712 2402 867 2460 quibus
898 2416 993 2446 cum
1025 2402 1169 2446 verbis
1201 2402 1377 2447 Catonis
1415 2403 1610 2448 doctrina
1641 2418 1711 2450 co—

147 2500 149 2502 ·
205 2474 358 2517 haeret
399 2485 525 2516 sacra
567 2473 784 2528 quaedam
816 2472 985 2517 Cereris
1036 2465 1164 2515 ἂόινα
1216 2472 1374 2530 fuisse3
1431 2473 1485 2517 de
1535 2474 1620 2519 hac
1662 2490 1709 2520 re

203 2542 418 2586 uberrime
449 2541 681 2597 Ussingius
723 2542 766 2584 in
811 2542 1114 2585 commentario
1158 2555 1237 2585 suo
1268 2542 1519 2599 disputavit.
1578 2545 1709 2601 Apud

212 2611 403 2664 Graecos
436 2624 608 2667 quoque
638 2624 666 2655 a
696 2612 841 2655 multis
872 2610 1093 2655 sacrificiis
1125 2624 1229 2655 usus
1271 2613 1362 2655 vini
1401 2613 1569 2657 alienus
1613 2619 1707 2658 erat

213 2680 288 2725 sed
320 2680 375 2724 de
406 2680 562 2724 Cerere
605 2681 713 2724 nihil
756 2681 928 2738 scimus3
973 2680 1025 2724 cf.
1056 2681 1275 2724 Hermann
1313 2683 1336 2724 l.
1369 2682 1394 2725 i.
1425 2697 1464 2739 p.
1500 2683 1581 2726 148
1621 2685 1707 2727 adn
