1944 2904
824 148 1108 191 —54-

213 265 409 323 Iuppiter
429 265 524 321 ipse
548 261 657 318 (Καὶ
688 257 767 320 γάρ
797 255 943 318 τ’ὅναρ
974 259 1022 305 ἐκ
1042 256 1150 319 Διός
1178 259 1325 318 ἐστιν).
1377 262 1427 305 In
1449 265 1594 305 nostro
1626 261 1718 306 loco

214 334 411 377 Plautino
455 332 728 375 incubatione
771 331 927 374 dicitur
962 332 1247 387 Aesculapius
1290 331 1509 374 consultus
1545 344 1643 375 esse
1680 335 1724 375 et

214 404 409 462 Iuppiter
444 403 560 459 ipse3
606 402 684 446 sed
715 401 846 445 etiam
878 401 999 444 multi
1038 400 1112 444 alii
1144 400 1188 443 di
1220 400 1338 457 apud
1369 402 1588 444 Romanos
1619 400 1723 463 quid

213 474 374 516 vellent
412 472 588 515 somniis
630 471 855 514 ostendere
900 470 1185 513 credebantur
1222 471 1342 512 cuius
1377 470 1440 512 rei
1477 470 1724 513 testimonia

214 541 331 584 haud
362 554 503 597 pauca
542 539 808 595 Marquardt.
850 554 892 595 p.
924 540 977 581 97
1008 553 1069 594 sq.
1103 538 1332 594 congessit.
1400 537 1536 590 Quem
1578 540 1723 582 autem

213 611 340 653 deum
380 609 543 664 aliquis
567 608 780 664 imprimis
812 608 1102 651 venerabatur
1122 621 1157 651 e.
1180 621 1213 649 c.
1245 621 1321 663 per
1344 621 1468 663 quem
1491 608 1723 654 iuraverat,

1596 62 1603 69 ⁸
1668 68 1673 74 .
1690 63 1697 67 ·
1728 71 1731 73 ,
1769 69 1772 71 ›
1793 73 1797 75 .

1634 110 1677 163 Nx
1890 150 1896 159 ¹
1928 154 1940 163 ε

1566 166 1573 171 -
1885 171 1899 183 5,
1918 166 1930 173 ι.

216 679 314 721 huic
347 691 516 732 quoque
548 677 753 721 incubare
786 678 993 733 optimum
1030 677 1161 719 fuisse
1194 677 1375 721 videtur.
1436 676 1578 728 Quare
1609 678 1724 732 quod
1794 690 1824 704 0

1924 748 1944 763 ,ν

216 747 406 803 Iuppiter
428 745 679 803 Cappadoci
701 746 745 789 in
772 746 1049 789 iureiurando
1072 746 1234 789 auxilio
1255 746 1409 789 fuisset
1436 746 1540 789 dicit
1561 759 1723 802 coquos

214 817 365 860 melius
395 815 529 859 fuisse
577 815 676 858 huic
709 829 806 858 eum
840 815 1057 858 incubare.
1116 815 1257 869 Atque
1288 815 1331 857 in
1363 815 1561 870 Hecyrae
1593 829 1722 859 versu

213 887 310 940 336,
338 884 410 928 ubi
434 884 632 926 Sostrata
662 897 715 927 ne
737 883 1022 927 Philumenae
1052 884 1223 926 morbus
1245 887 1531 938 aggravescat
1551 884 1724 929 timens:
1770 891 1773 893 ’

218 954 368 1010 „Quod
406 958 466 1008 te,
503 954 661 1008 inquit,
692 953 926 1008 Aesculapi
959 958 1001 996 et
1037 956 1090 1007 te,
1122 952 1262 1007 Salus,
1293 968 1346 996 ne
1378 953 1481 1008 quid
1513 953 1568 996 sit
1598 953 1725 997 huius

216 1022 332 1078 oro,“
362 1021 683 1065 meminerimus
714 1034 826 1064 anno
862 1023 942 1063 180
974 1035 1011 1063 a.
1036 1021 1132 1063 Chr.
1163 1020 1284 1063 libris
1317 1035 1343 1063 a
1374 1021 1632 1065 decemviris
1663 1022 1725 1065 in-

212 1092 374 1148 spectis
396 1091 587 1147 Apollini
610 1091 874 1146 Aesculapio
897 1094 939 1133 et
961 1091 1100 1133 Saluti
1130 1094 1232 1133 vota
1262 1090 1379 1134 facta
1399 1091 1589 1146 dataque
1612 1105 1722 1135 esse.

214 1160 325 1214 (Liv.
356 1162 422 1203 40.
454 1162 541 1214 37).
605 1161 672 1202 Ex
695 1173 777 1215 quo
808 1163 1001 1215 tempore
1033 1172 1129 1201 cum
1159 1160 1422 1203 Graecorum
1445 1160 1615 1217 Hygiea
1644 1161 1726 1204 Ae-

215 1229 385 1285 sculapi
415 1229 505 1271 filia
544 1228 697 1271 eadem
735 1242 832 1271 esse
871 1228 1116 1271 crederetur
1159 1242 1270 1283 quae
1303 1229 1447 1283 Salus,
1489 1229 1598 1272 haec
1630 1244 1725 1273 cum

212 1296 474 1353 Aesculapio
506 1310 533 1339 a
564 1297 771 1340 Romanis
802 1296 1152 1351 coniungebatur.
1213 1295 1363 1352 Neque
1394 1310 1496 1340 vero
1528 1297 1611 1340 hoc
1638 1298 1724 1340 iam

208 1366 326 1421 apud
356 1366 559 1409 Plautum
590 1366 805 1421 videmus3
837 1379 937 1408 nam
964 1365 1091 1409 Salus
1124 1379 1294 1423 semper
1324 1366 1380 1409 ab
1411 1366 1492 1410 hoc
1524 1368 1618 1410 sola
1648 1381 1720 1411 no-

212 1436 399 1478 minatur
429 1438 476 1478 ut
508 1435 552 1478 in
581 1434 739 1478 Bacch.
769 1448 808 1478 v.
840 1436 942 1479 879:
982 1434 1137 1488 „Salus
1169 1434 1497 1491 meservasti3⁴⁴
1545 1434 1595 1479 cf.
1624 1435 1722 1480 Cas.

206 1518 247 1544 v.
278 1506 317 1545 4.
349 1505 387 1546 3.
417 1505 461 1545 4:
495 1503 639 1555 „Quid
669 1504 763 1557 agis
795 1517 893 1545 mea
924 1504 1104 1546 Salus‘?“
1140 1505 1223 1546 vel.
1252 1505 1378 1547 Merc.
1418 1517 1457 1546 v.
1493 1504 1595 1547 593:
1648 1504 1722 1556 „Si

215 1571 421 1629 opprimit
443 1575 578 1627 pater,
604 1572 718 1626 quod
740 1571 862 1626 dixit,
894 1572 1138 1615 exsulatum
1161 1571 1268 1615 abiit
1290 1571 1461 1626 Salus;“
1493 1571 1546 1615 cf.
1567 1586 1606 1614 v.
1622 1574 1721 1628 8673

214 1642 339 1683 Most.
380 1654 484 1683 vero
520 1653 672 1682 versus
714 1640 796 1683 351
830 1640 1065 1683 sententia:
1113 1640 1229 1692 „Nec
1263 1640 1390 1683 Salus
1432 1640 1555 1683 nobis
1594 1640 1723 1683 saluti

210 1710 297 1752 iam
320 1722 431 1763 esse,
462 1709 500 1751 si
518 1709 674 1765 cupiat,
696 1712 883 1764 potest‚“
916 1709 1041 1763 quasi
1063 1709 1106 1751 in
1128 1709 1356 1764 proverbio
1379 1709 1511 1752 fuisse
1542 1709 1724 1765 videtur,

210 1791 293 1833 quo
331 1780 486 1833 poetae
526 1779 717 1831 utuntur,
749 1776 786 1819 si
824 1777 1180 1837 quemjomnibus
1217 1776 1346 1821 rebus
1384 1776 1618 1834 desperare
1650 1791 1723 1821 ex-

209 1845 395 1902 primere
439 1846 599 1890 volunt.
661 1845 754 1889 Huc
797 1845 984 1901 pertinet
1027 1844 1148 1901 Capt.
1190 1860 1227 1889 v.
1270 1846 1370 1890 529:
1415 1846 1594 1902 „Neque
1635 1846 1722 1890 iam

210 1915 338 1958 Salus
369 1927 547 1958 servare
581 1914 619 1957 si
650 1914 740 1958 volt
770 1927 839 1957 me
866 1917 1046 1971 potest‚“
1091 1917 1133 1958 et
1162 1913 1347 1971 Adelph.
1381 1928 1419 1957 v.
1450 1916 1556 1957 761:
1602 1915 1723 1971 „ipsa
1793 1962 1795 1964 ,
1872 1908 1887 1968 f

210 1983 247 2025 si
279 1983 426 2042 cupiat
447 1982 586 2037 Salus,
622 1983 808 2026 Servare
839 1996 1014 2037 prorsus
1045 1996 1129 2025 non
1155 1986 1297 2038 potest
1329 1983 1439 2025 hanc
1470 1983 1722 2026 familiam.“

210 2050 329 2103 Quos
371 2065 521 2095 omnes
563 2064 714 2095 versus
758 2064 813 2094 ex
845 2050 1025 2094 Graecis
1068 2050 1259 2107 pendere
1302 2065 1387 2094 non
1429 2064 1608 2096 necesse
1646 2054 1723 2096 est.

213 2121 449 2163 Praeterea
487 2119 542 2163 de
574 2119 724 2162 Salute
762 2120 813 2162 cf.
845 2121 915 2162 Ps.
952 2134 990 2162 v.
1023 2121 1117 2173 709,
1148 2120 1283 2176 ssapt.
1321 2134 1361 2163 v.
1394 2121 1491 2175 864,
1535 2121 1651 2164 Asin.
1683 2135 1722 2163 v.

211 2189 293 2231 713
316 2204 378 2243 sq.
412 2191 495 2231 727
527 2189 598 2242 (de
630 2189 785 2243 quibus
816 2189 932 2232 locis·
954 2189 1038 2232 iam
1072 2188 1291 2245 diximus),
1329 2189 1428 2231 Oist.
1460 2204 1497 2232 v.
1529 2192 1567 2233 4.
1599 2191 1636 2232 2.
1669 2192 1721 2231 77

210 2261 253 2300 et
292 2258 426 2303 Poen.
470 2258 575 2313 prol.
612 2271 651 2300 v.
689 2257 771 2299 126
817 2271 996 2312 quorum
1041 2257 1304 2312 singulorum
1346 2271 1547 2301 versuum
1589 2258 1724 2302 verba

209 2325 280 2368 hic
322 2330 521 2382 repetere
564 2339 935 2381 supervacaneum
978 2330 1056 2370 est.
1139 2326 1266 2370 Salus
1315 2331 1459 2370 autem
1502 2327 1585 2371 dea
1627 2340 1722 2370 cum

213 2394 404 2438 Victoria
436 2395 664 2438 coniuncta
696 2398 761 2438 est
791 2394 835 2437 in
867 2395 994 2439 Merc.
1025 2409 1064 2438 v.
1097 2396 1179 2439 867
1194 2411 1203 2438 ε
1234 2395 1433 2452 Eutych.:
1477 2396 1582 2449 „Sta
1612 2395 1723 2440 Cha-

209 2464 348 2507 rine!“
383 2464 482 2507 Ch..
515 2463 649 2516 „Quis
674 2478 742 2507 me
765 2465 996 2507 revocat?“
1032 2465 1141 2507 Eut:
1179 2464 1314 2521 „Spes
1337 2465 1465 2508 Salus
1487 2465 1721 2508 Victoria.“

286 2526 289 2529 ’
327 2530 438 2589 Spes
481 2532 535 2575 de
567 2545 651 2588 qua
683 2545 795 2575 nunc
824 2535 977 2588 agatur
1007 2532 1051 2576 in
1085 2534 1211 2576 Merc.
1243 2547 1283 2575 v.
1316 2532 1399 2576 842
1431 2536 1473 2577 et
1504 2532 1606 2590 843,
1649 2533 1722 2589 qui

212 2603 253 2643 in
287 2602 509 2644 codicibus
541 2602 670 2644 etiam
703 2606 800 2657 post
830 2616 1003 2645 versum
1035 2604 1117 2645 598
1148 2603 1296 2646 inserti
1327 2604 1411 2645 iani
1445 2604 1502 2645 ab
1523 2603 1721 2646 Acidalio

213 2669 273 2713 ibi
308 2683 403 2712 cum
436 2682 678 2715 sermonem
710 2670 1020 2727 interrumpant
1049 2670 1182 2717 deleti
1213 2674 1324 2727 sunt,
1356 2684 1408 2715 ea
1430 2669 1514 2715 dea
1541 2674 1606 2715 est
1636 2684 1723 2727 qua
