1944 2904
639 640 827 710 Vita
886 639 1270 709 auctoris,

324 881 595 924 Hermannus
625 882 843 935 Augustus
875 879 1098 934 Keseberg
1128 881 1256 922 natur!
1285 892 1381 922 sum
1413 878 1620 921 Coloniae
1657 877 1715 921 ad

162 974 164 977 ’
209 961 405 1006 Rhenum
446 965 546 1005 ante
582 961 695 1004 diem
733 960 801 1004 VI.
834 960 932 1004 Kal.
969 961 1071 1004 Dec.
1115 960 1217 1003 anni
1253 959 1379 1003 huius
1422 959 1586 1003 saeculi
1624 959 1717 1002 LX.

209 1042 382 1086 Patrem
405 1041 687 1098 Stephanum,
706 1041 886 1085 Mariam
909 1044 1090 1085 matrem
1112 1054 1135 1084 e
1156 1043 1284 1096 gente
1306 1039 1556 1083 Kaufmann
1577 1043 1715 1083 ortam

208 1122 337 1167 valde
367 1122 534 1179 gaudeo
576 1121 719 1166 adhuc
755 1121 799 1165 in
831 1121 942 1165 vivis
981 1134 1089 1165 esse.
1149 1121 1300 1164 Fidem
1331 1120 1533 1177 profiteor
1569 1121 1716 1164 catho-

207 1203 349 1247 licam.
417 1203 677 1247 Litterarum
709 1202 933 1246 elementis
974 1202 1162 1245 imbutus
1192 1201 1411 1258 gymnasii
1442 1201 1716 1245 Coloniensis

211 1282 329 1340 quod
363 1287 520 1326 vocant
550 1282 801 1326 Marcellani
844 1295 939 1325 cum
976 1294 1055 1338 per
1098 1285 1192 1326 octo
1236 1295 1375 1325 annos
1417 1285 1460 1326 et
1489 1281 1715 1325 dimidium

209 1363 387 1408 fuissem
429 1363 668 1419 discipulus
716 1375 818 1406 vere
856 1362 957 1405 anni
988 1361 1377 1406 MDCCCLXXIX
1414 1362 1610 1406 Bonnam
1647 1376 1717 1405 me

211 1443 370 1487 contuli
400 1442 555 1486 studiis
592 1441 868 1498 philologieis
899 1455 1077 1498 operam
1117 1445 1364 1485 navaturus.
1424 1441 1519 1493 Qua
1548 1441 1593 1484 in
1623 1442 1718 1485 uni-

211 1522 420 1567 versitate
451 1535 530 1579 per
558 1534 714 1578 novem
745 1521 1002 1565 semenstria
1023 1521 1259 1565 docuerunt
1279 1534 1349 1565 me
1368 1521 1451 1564 viri
1471 1520 1715 1565 clarissumi

211 1602 421 1647 Aufrecht
449 1602 661 1664 Birlinger
692 1601 929 1646 Buecheler
966 1602 1054 1645 Leo
1100 1602 1318 1645 Luebbert
1354 1600 1721 1645 Maurenbrecher

214 1684 363 1740 Meyer
413 1682 699 1727 Neuhaeuser
734 1681 944 1726 Schaefer
985 1682 1153 1726 Usener
1190 1681 1445 1725 Wilmanns.
1501 1681 1552 1725 In
1594 1682 1720 1726 semi-

153 1754 160 1765 ”
214 1763 335 1807 nario
366 1762 627 1819 philologieo
657 1763 778 1807 cuius
809 1776 887 1819 per
931 1762 1118 1818 quinque
1150 1762 1408 1806 semenstria
1448 1761 1510 1805 fui
1553 1762 1718 1807 sodalis

196 1827 470 1905 sBuecheleri
512 1843 670 1888 Leonis
714 1843 946 1887 Luebberti
990 1842 1174 1887 Useneri
1216 1842 1451 1899 disciplina
1491 1842 1575 1886 frui
1617 1842 1724 1886 mihi

215 1924 349 1968 licuit.
400 1924 639 1968 Seminario
673 1924 877 1968 historico
899 1937 978 1980 per
1008 1937 1086 1967 sex
1117 1936 1287 1967 menses
1309 1922 1515 1967 Schaefer
1551 1937 1620 1967 me
1650 1923 1726 1967 ad-

219 2004 346 2048 misit.
385 2006 600 2048 ‘Examen
644 2005 886 2060 rigorosum
928 2003 1131 2061 superavi
1160 2003 1262 2046 anni
1294 2003 1725 2047 MDCCCLXXXIII

218 2084 381 2128 mensis
413 2084 665 2128 Decembris
704 2085 775 2129 die
805 2084 1054 2129 vicensimo.
1114 2083 1476 2139 Praeceptoribus
1506 2097 1609 2128 vero
1641 2097 1726 2128 om-

220 2165 347 2211 nibus
375 2166 463 2209 illis
494 2166 686 2210 debitam
708 2165 849 2211 habeo
880 2165 1067 2221 gratiam
1099 2178 1358 2221 semperque
1379 2178 1448 2209 me
1479 2164 1725 2209 habiturum

220 2259 319 2291 esse
350 2246 571 2303 polliceor.
