1944 2904
811 126 1098 169 -33-

85 230 108 253 ⁵
132 245 141 251 “
194 247 296 293 tore
326 230 401 284 ilio
433 241 613 297 ridiculo
645 255 724 298 per
754 241 897 284 iocum
930 241 1034 284 dicit
1064 241 1106 284 in
1138 253 1267 283 versu
1301 240 1372 282 11:
1413 240 1549 295 „Tam
1581 239 1711 283 bella-

203 313 339 366 torem
383 310 500 353 Mars
543 321 590 353 se
631 309 748 353 haud
791 309 906 353 ausit
948 308 1133 365 dicere;“
1183 309 1331 364 itaque
1372 309 1417 351 in
1460 310 1585 351 Truc.
1628 308 1710 364 515

203 374 518 435 Stratophanes
560 378 685 422 miles
728 378 783 420 de
826 391 874 420 se
905 377 1016 434 ipso:
1063 378 1205 433 „Mars
1249 390 1429 432 peregre
1474 376 1726 437 adveniens*

99 491 105 505 9
204 437 364 490 salutat
392 447 623 491 Nerienem
655 460 831 491 uxorem
864 447 1022 490 suam.“
1082 445 1235 502 Neque
1267 459 1368 502 ergo
1409 446 1560 489 mirum
1592 445 1709 489 vide-

191 505 289 571 (tur,
332 516 447 570 quod
476 516 711 560 bellatores
742 515 815 571 qui
847 515 891 558 in
923 515 1150 559 comoedia
1180 514 1224 557 in
1255 528 1457 558 scaenam
1501 514 1714 570 prodeunt

120 600 147 624 μ
188 591 283 640 sper
312 584 424 628 hunc
455 585 584 628 deum
614 584 768 639 iurant,
801 589 847 627 ut
877 587 943 627 est
972 583 1018 626 in
1049 584 1135 627 Mil.
1158 583 1264 638 glor.
1294 598 1334 628 v.
1360 583 1471 626 1414
1501 583 1574 626 ubi
1606 584 1714 638 Pyr-

201 652 475 716 gopolinices
515 652 636 695 dicit:
678 656 812 708 „Iul-o,
840 665 918 709 per
950 655 1096 695 Iovem
1136 655 1179 694 et
1208 653 1447 695 Mavortem
1491 665 1559 695 me
1601 652 1717 694 noci-

194 724 345 764 'turum
375 721 578 776 nemini;“
609 721 662 764 cf.
692 724 923 776 praeterea
953 721 1109 763 Bacch.
1141 734 1178 762 v.
1211 721 1293 762 847
1325 720 1399 764 ubi
1431 719 1716 763 Cleomachus

204 786 346 839 miles:
377 790 514 846 ⁷‚Nam
544 802 685 845 neque
716 789 898 832 Bellona
928 789 1033 831 mihi
1065 802 1255 844 unquam
1286 801 1365 832 nec
1387 790 1504 831 Mars
1526 788 1717 842 ereduat,

144 914 147 916 9
181 858 261 901 tNi
283 858 403 901 illum
427 858 714 901 exanimalem
736 858 875 901 fax0.“
921 859 1099 901 Bellona
1121 858 1165 901 in
1180 857 1336 912 Amph.
1358 870 1528 912 quoque
1550 857 1715 912 prologi

68 969 73 978 ,
140 933 142 935 ’
206 939 336 969 versu
365 926 423 968 43
454 938 550 968 cum
580 926 717 969 Marte
749 925 977 969 coniuncta
1008 930 1085 979 est2
1117 939 1213 968 cum
1244 925 1289 967 in
1311 925 1433 968 Truc.
1465 938 1595 968 versu
1630 938 1661 968 S.
1684 938 1715 968 s,

89 989 94 997 “
205 993 336 1038 Nerio
379 1008 486 1037 uxor
529 995 622 1038 eius
665 995 926 1051 a'ppelletur,
971 1008 1100 1050 quam
1142 994 1225 1037 hoc
1267 994 1440 1037 nomine
1471 1008 1498 1037 a
1538 994 1716 1037 Sabinis

25 1054 35 1070 ᾗ
118 1052 122 1056 ’
190 1063 365 1115 ‚cultam
398 1076 495 1107 esse
517 1063 687 1118 scimus,
717 1064 901 1107 fortasse
924 1063 1052 1107 etiam
1081 1064 1135 1106 ab
1159 1062 1344 1117 Umbris,
1376 1063 1450 1118 qui
1471 1066 1516 1105 ut
1536 1063 1712 1105 tabulae

0 1173 53 1195 9
113 1175 117 1181 ,
206 1132 418 1187 Iguvinae
460 1132 618 1176 docent
659 1132 849 1176 radicem
892 1132 1021 1175 huius
1063 1132 1181 1175 vocis
1228 1132 1351 1185 „ner“
1398 1131 1469 1188 (cf.
1499 1123 1627 1189 ἀνήρ)
1671 1132 1716 1174 in

0 1190 79 1245 3-
206 1200 356 1256 lingua
387 1214 467 1244 sua
509 1201 724 1250 exhibent.
787 1202 881 1244 Huc
925 1202 1111 1256 pertinet
1152 1200 1271 1243 urbis
1314 1214 1485 1255 quoque
1523 1201 1716 1243 Narniae

206 1283 364 1313 nomen
406 1271 450 1312 in
481 1269 663 1313 Umbria
707 1270 828 1313 sitae.
890 1269 1013 1321 Quod
1059 1273 1203 1312 autem
1246 1270 1363 1313 Mars
1406 1283 1503 1312 cum
1549 1269 1716 1312 Venere

208 1337 478 1392 coniungitur
497 1338 542 1379 in
556 1338 644 1380 Mil.
666 1338 771 1392 glor.
802 1351 842 1381 v.
868 1339 989 1392 1384,
1020 1337 1094 1381 ubi
1116 1351 1223 1393 puer
1244 1337 1319 1392 qui
1340 1337 1716 1394 Pyrgopolinicem

54 1444 68 1465 4
206 1406 393 1450 maxime
420 1420 448 1449 a
468 1405 634 1450 duobus
656 1406 724 1449 dis
754 1406 897 1450 curari
936 1407 1233 1462 contenderat,
1265 1407 1319 1449 ab
1353 1406 1434 1449 hoc
1466 1407 1641 1461 quinam
1673 1405 1719 1448 hi

0 1491 84 1536 l*
162 1479 165 1482 '
210 1474 296 1519 duo
329 1474 373 1517 di
404 1466 549 1518 essent
578 1475 868 1531 interrogatus
890 1476 1138 1534 respondet:
1169 1476 1311 1531 „Mars
1333 1478 1375 1519 et
1396 1475 1591 1531 Venusf‘*
1609 1476 1718 1518 haec

0 1539 14 1557 *
30 1537 53 1557 ²
100 1548 102 1550 ’
164 1539 187 1554 ”
210 1543 451 1600 coniunctio
474 1558 527 1588 ea
551 1544 605 1588 de
627 1557 763 1588 causa
783 1544 899 1588 facta
913 1548 990 1596 est,
1015 1545 1131 1600 quod
1152 1548 1197 1587 ut
1210 1545 1326 1588 Mars
1341 1545 1718 1601 Pyrgopolinicem

16 1667 18 1669 ,
48 1662 50 1664 ,
83 1664 87 1670 ,
114 1660 118 1665 ,
171 1661 174 1663 ,
200 1613 265 1660 'in
286 1608 452 1670 militia,
483 1613 546 1657 sic
576 1614 621 1657 in
652 1627 799 1657 amore
822 1614 970 1658 Venus
990 1617 1172 1667 tutatum
1204 1627 1308 1657 sane
1332 1613 1492 1657 Thebis
1513 1614 1591 1658 hos
1615 1614 1720 1658 deos

0 1705 3 1713 ·
29 1677 43 1732 ζ
66 1673 69 1688 ²
95 1683 110 1702 ⁴
146 1704 149 1710 ·
212 1683 381 1740 eximio,
403 1683 564 1726 honore
606 1683 800 1739 insignes
841 1684 979 1727 fuisse
1011 1685 1188 1739 scimus,
1232 1696 1329 1726 cum
1361 1683 1508 1726 urbem
1542 1688 1585 1726 et
1616 1684 1718 1726 civi-

209 1754 344 1795 tatem
377 1754 420 1794 et
449 1750 697 1795 condidisse
742 1755 784 1796 et
823 1765 995 1809 semper
1033 1752 1268 1796 defendere
1306 1755 1571 1808 putarentur.
1631 1752 1719 1797 Sed

210 1823 257 1864 ut
286 1811 373 1863 iam
406 1819 497 1863 dixi
527 1821 610 1863 huc
640 1834 792 1864 versus
826 1823 936 1865 1384
965 1835 1051 1864 non
1090 1825 1155 1865 est
1189 1821 1453 1864 referendus.
1508 1822 1559 1864 In
1591 1822 1720 1865 Italia

83 1948 107 1950 99
212 1881 357 1933 autem
389 1888 517 1932 Marti
558 1889 685 1945 lupus
716 1902 838 1933 sacer
870 1893 980 1945 erat,
1025 1890 1137 1932 unde
1180 1889 1470 1945 intellegimus
1501 1889 1643 1933 iocum
1674 1890 1719 1932 in

149 1987 151 1989 -
214 1957 436 2001 Strabacis
466 1957 611 2001 verbis
645 1957 786 2014 (Truc.
819 1958 937 2015 654):
974 1958 1098 2012 „Fuit
1129 1958 1286 2014 edepol
1318 1959 1434 2001 Mars
1473 1973 1569 2002 meo
1608 1958 1719 2015 peri-

68 2039 72 2047 *
209 2029 328 2069 ratus
370 2026 501 2081 patri,
543 2026 656 2069 Nam
699 2027 792 2069 ovis
836 2027 952 2070 illius
996 2027 1083 2069 hau
1123 2027 1252 2081 longe
1296 2027 1452 2069 absunt
1493 2041 1520 2069 a
1562 2027 1720 2082 lupis;“

212 2093 453 2150 similisque
484 2098 549 2138 est
581 2108 732 2138 versus
761 2096 891 2139 Poen.
923 2097 961 2139 3.
993 2097 1030 2139 3.
1063 2096 1131 2150 31,
1162 2094 1236 2139 ubi
1268 2094 1524 2138 advocatus:
1569 2096 1720 2149 „Hunc

211 2162 546 2217 chlamydatum,
568 2177 697 2219 quem
720 2164 855 2220 videre,
886 2165 926 2207 ei
941 2165 1065 2207 Mars
1087 2164 1286 2220 iratust;“
1319 2164 1428 2207 haec
1450 2165 1585 2208 verba
1606 2164 1719 2207 enim

71 2232 105 2277 7³·
136 2280 144 2291 9
188 2224 428 2289 pertinent
458 2232 514 2275 ad
537 2232 644 2289 Lyci
675 2245 920 2289 personam,
952 2232 1073 2276 cuius
1105 2246 1269 2293 nomen·
1292 2234 1407 2289 quod
1438 2234 1548 2290 Lupi
1580 2234 1719 2277 simile

100 2302 106 2309 ‘
211 2305 277 2347 est
307 2301 390 2344 ioci
421 2301 537 2344 illius
570 2315 703 2345 causa
733 2302 794 2354 fit;
825 2302 877 2345 cf.
908 2315 947 2345 v.
972 2304 1037 2346 33.
1082 2302 1191 2346 Cum
1212 2306 1359 2345 autem
1381 2303 1496 2345 Mars
1527 2301 1719 2347 summus

150 2367 152 2369 ’
208 2369 314 2415 ,belli
345 2368 433 2412 dux
463 2369 519 2412 sit
539 2373 582 2412 et
602 2369 847 2426 imperator,
878 2367 1098 2414 Romanos
1119 2370 1162 2412 in
1184 2370 1381 2413 omnibus
1399 2370 1569 2413 bellicis
1590 2371 1719 2414 rebus

74 2490 76 2492 ‚
208 2437 446 2482 defendere
478 2441 521 2480 et
552 2439 662 2482 tueri
694 2439 836 2493 debet,
866 2443 911 2482 ut
943 2444 1008 2482 est
1038 2439 1082 2482 in
1104 2438 1222 2481 Asin.
1254 2452 1383 2482 versu
1417 2440 1485 2482 15:
1518 2439 1618 2492 „Uti
1641 2453 1719 2483 vos

209 2504 334 2558 alias,
365 2507 529 2564 pariter
558 2519 669 2551 nune
700 2508 816 2551 Mars
848 2508 1063 2552 adiuvet.“

69 2568 77 2590 ³
172 2582 173 2585 ’
327 2576 395 2620 Ad
428 2576 648 2620 Venerem
688 2579 981 2631 transeamus,
1032 2590 1142 2632 quae
1194 2576 1277 2620 dea
1325 2577 1518 2621 Romano
1569 2578 1721 2622 habitu
1777 2600 1780 2603 ·

200 2645 371 2704 *amisso
402 2644 532 2701 plane
563 2632 617 2688 in'
639 2645 855 2690 Graecam
882 2637 1164 2704 Ἀφροδίτην
1194 2650 1360 2689 mutata
1392 2650 1457 2689 est
1487 2646 1532 2690 in
1553 2661 1722 2691 comoe-

280 2728 288 2736 „
1495 2718 1515 2749 3
