1944 2904
811 129 1096 171 -31-

197 243 296 288 sint.
357 242 425 285 De
456 241 556 285 Sole
600 246 642 285 et
674 242 839 299 Luna1)
880 242 1054 287 minime
1087 242 1263 287 dubium
1295 245 1358 286 est
1402 242 1504 299 quin
1536 256 1706 301 semper

151 309 172 373 ’μ
198 313 315 368 apud
333 313 552 354 Romanos
574 312 818 355 divinorum
839 313 1047 355 honorum
1061 315 1217 356 fuerint
1230 313 1475 368 participes,
1507 313 1704 355 Siderum

177 383 339 441 ‘autem
364 385 604 425 ceterorum
627 381 815 424 omnium
847 395 955 425 unus
976 382 1221 425 Nocturnus
1245 381 1395 425 eodem
1418 380 1545 425 modo
1567 382 1704 425 cultus

197 462 294 491 esse
315 450 496 492 videtur.
543 451 655 491 Nam
676 451 852 493 Plautus
885 452 928 493 in
949 452 1103 506 Amph.
1134 466 1172 493 v.
1206 452 1431 494 271—284
1462 452 1628 492 Sosiam
1663 456 1705 494 et

196 517 455 560 Mercurium
498 517 559 560 ita
590 517 814 573 loquentes
857 519 977 563 fecit:
1020 518 1076 562 S.:
1121 519 1275 573 „Certe
1318 518 1474 575 edepol
1517 519 1551 560 si
1590 519 1705 574 quic-

135 601 137 603 ·
185 588 368 641 *quamst
399 587 520 629 aliud
552 587 666 641 quod
699 588 871 630 credam
903 592 977 630 aut
1008 592 1122 631 certo
1162 588 1293 630 sciam
1326 588 1464 630 Credo
1504 601 1583 642 ego
1621 589 1703 629 hac

196 659 324 699 noctu
345 657 611 715 Nocturnum
627 656 941 701 obdormivisse
963 657 1139 701 ebrium.
1171 657 1282 700 Nam
1304 670 1444 712 neque
1468 670 1513 699 se
1536 660 1704 713 septen—

194 724 356 767 triones
388 728 603 780 quoquam
644 725 687 766 in
720 727 840 768 caelo
873 730 1143 768 commovent
1174 726 1326 780 Neque
1365 739 1411 767 se
1443 727 1564 767 Luna
1602 741 1703 781 quo-

196 807 324 848 quam
355 797 491 836 mutat
521 797 649 848 atque
684 795 747 836 uti
780 798 972 838 exortast
1003 795 1149 848 semel,
1180 795 1272 837 Nec
1302 794 1477 848 iugulae
1514 810 1594 838 nec
1632 811 1702 840 ve-

184 876 381 918 sperugo
413 875 492 904 nec
521 857 730 916 vergiliae
753 863 963 907 occidunt.
1006 865 1071 905 Ita
1093 863 1235 905 statim
1264 866 1377 904 stant
1408 863 1532 917 signa
1563 878 1702 919 neque

196 944 283 973 nox
315 944 532 985 quoquam
565 931 764 974 concedit
795 931 866 974 die
1015 932 1152 974 Credo
1185 932 1340 987 edepol
1378 932 1576 985 equidem
1611 933 1704 976 dor-

177 998 301 1041 mire
334 998 478 1041 Solem
511 1001 641 1054 atque
672 998 877 1056 adpotum
917 995 1069 1057 probe,
1112 1000 1222 1042 Mira
1260 1002 1358 1042 sunt
1389 999 1471 1042 nisi
1502 1000 1703 1044 invitavit

195 1082 292 1112 sese
331 1068 375 1109 in
418 1081 525 1109 cena
568 1069 851 1122 plusculum.“
919 1070 1063 1118 Merc.:
1112 1069 1219 1120 „Ain
1260 1073 1306 1110 tu
1349 1083 1449 1111 vero
1492 1072 1701 1112 verbero?

144 1155 146 1157 ’
196 1137 311 1180 Deos
343 1149 439 1180 esse
470 1136 530 1178 tui
574 1135 736 1179 similes
774 1136 955 1193 putas?“
1020 1137 1110 1180 Hoc
1152 1136 1282 1192 igitur
1324 1151 1452 1180 versu
1483 1138 1626 1181 Solem
1659 1144 1702 1183 et

193 1206 455 1250 Nocturnum
503 1207 649 1248 stellas
688 1220 785 1248 esse
822 1207 926 1248 deos
968 1211 1099 1261 poeta
1142 1211 1289 1261 aperte
1332 1207 1487 1262 dicit.2)
1548 1209 1701 1263 Neque

193 1288 294 1319 vero
326 1275 380 1318 de
412 1273 566 1318 ceteris
598 1273 734 1318 stellis
764 1274 910 1318 Plauti
941 1278 1084 1318 aetate
1117 1276 1334 1318 Romanos
1364 1274 1479 1319 idem
1511 1277 1700 1322 sensisse

192 1344 449 1400 putaverim3
485 1356 585 1385 nam
608 1344 757 1387 Cicero
789 1357 883 1404 611111
914 1345 958 1386 111
989 1345 1096 1386 libro
1129 1346 1182 1386 (16
1216 1345 1332 1388 deor.
1364 1349 1448 1386 nat.
1472 1346 1526 1387 ΙΙ.
1550 1348 1612 1388 16.
1644 1349 1699 1388 44

194 1414 264 1470 (cf.
297 1414 363 1457 15.
395 1413 466 1469 42)
519 1411 730 1455 Lucilium
771 1412 1119 1457 interlocutorem
1157 1413 1368 1457 dicentem
1412 1414 1530 1457 facit:
1574 1429 1699 1467 „esse

192 1483 322 1537 igitur
349 1482 460 1525 ,deos
504 1481 577 1535 (sc.
611 1481 775 1537 sidera)
818 1482 879 1523 ita
910 1482 1184 1537 perspicuum
1216 1486 1281 1524 est
1317 1486 1362 1524 ut
1392 1482 1437 1523 id
1469 1483 1540 1537 qui
1573 1490 1701 1538 neget

192 1550 266 1595 vix
305 1565 401 1594 eum
439 1563 571 1592 sanae
612 1549 768 1592 mentis
807 1549 1102 1604 existumem⁴‘‚
1145 1564 1285 1593 nonne
1328 1551 1584 1593 sententiam
1622 1566 1700 1595 nec

194 1621 415 1675 antiquam
446 1632 525 1661 nec
556 1621 685 1661 antea
728 1632 804 1674 pro
848 1621 965 1661 recta
1006 1618 1198 1661 habitam
1229 1618 1400 1661 videtur
1430 1623 1700 1676 proponere?

193 1690 262 1744 (cf.
303 1689 379 1733 Ov.
422 1687 520 1730 fast.
566 1686 644 1729 III.
689 1685 803 1742 112).
865 1686 1080 1729 Hauserat
1121 1690 1265 1729 autem
1310 1701 1364 1730 ex
1408 1688 1616 1732 Cleanthe
1660 1694 1702 1734 et

192 1759 424 1802 Posidonio
476 1756 551 1811 qui
601 1756 750 1798 stellas
801 1755 960 1797 divinis
1011 1756 1246 1799 honoribus
1301 1757 1552 1804 afficiendas
1604 1773 1700 1802 esse

196 1827 406 1871 dixerant.
452 1827 574 1868 Luna
606 1829 648 1868 et
678 1824 753 1866 Sol
780 1838 806 1866 a
837 1824 991 1867 Plauto
1025 1824 1069 1867 di
1096 1826 1373 1880 appellantur
1403 1827 1444 1869 in
1477 1827 1630 1870 Bacch.
1662 1842 1700 1872 v.

194 1898 295 1940 255:
345 1895 590 1948 „Volcanus
630 1894 752 1936 Luna
794 1892 909 1948 Sol3)
952 1893 1058 1936 Dies
1095 1894 1140 1936 di
1173 1898 1355 1948 quatuor
1398 1895 1698 1939 Scelestiorem

200 2054 204 2057 ,
287 2022 311 2066 ¹)
337 2020 392 2056 Cf.
418 2021 517 2055 Plut.
538 2026 684 2064 quaest.
710 2024 817 2058 Rom.
833 2033 913 2067 cap.
935 2029 994 2059 74:
1019 2021 1095 2060 τῶν
1120 2020 1272 2070 ὁρατῶν
1297 2022 1404 2057 θεῶν
1426 2021 1700 2068 βασιλεύουσα·

192 2073 299 2125 ἥλιος
330 2079 395 2115 καὶ
429 2076 592 2125 σελήνῃ
630 2079 678 2114 (16
716 2080 855 2115 ceteris
893 2080 1013 2118 stellis
1051 2079 1144 2114 1111111
1187 2078 1303 2115 addit.
1347 2099 1389 2103 —-
1431 2078 1609 2114 Welcker
1643 2090 1698 2122 gr.

193 2136 355 2172 Gotterl.
381 2136 412 2172 Ι.
437 2141 523 2173 4001
550 2136 651 2172 Nihil
678 2137 714 2171 in
740 2142 874 2173 natura
891 2141 1033 2173 tantam
1052 2141 1281 2182 potestatem
1302 2136 1440 2171 habere
1460 2136 1506 2171 ab
1526 2137 1698 2171 omnibus

192 2193 272 2230 fere
298 2193 451 2238 populis
477 2194 682 2238 putabatur
708 2205 817 2240 quam
843 2195 909 2230 Sol
935 2199 972 2230 et
998 2196 1114 2230 Luna.
1152 2215 1195 2220 —
1222 2193 1268 2228 cf.
1295 2193 1434 2229 Grimm
1461 2204 1496 2237 p.
1525 2199 1576 2228 17.

284 2252 311 2294 2)
337 2247 503 2286 Accedit
534 2252 636 2296 quod
669 2252 770 2297 apud
795 2252 903 2287 Mart.
929 2253 1020 2297 Cap.
1045 2265 1081 2297 p.
1109 2257 1161 2293 17,
1187 2256 1248 2295 23;
1276 2255 1328 2295 18,
1354 2254 1397 2285 ‘24
1431 2251 1493 2285 ubi
1518 2250 1699 2295 Juppiter

194 2309 348 2344 deorum
387 2307 586 2343 concilium
621 2314 813 2344 convocat
850 2310 914 2355 qui
940 2310 986 2344 (16
1012 2309 1189 2344 Mercurii
1228 2313 1265 2344 et
1290 2307 1528 2352 Philologiae
1555 2307 1697 2352 nuptiis

170 2367 447 2404 consulantur
473 2365 692 2401 Nocturnus
731 2376 885 2411 quoque
928 2367 985 2402 bis
1023 2370 1337 2401 commemoratur
1368 2365 1431 2409 qui
1462 2365 1592 2400 nescio
1625 2376 1699 2410 qua

40 2452 51 2461 „
85 2475 87 2477 K
135 2417 140 2423 ’
193 2433 308 2460 causa
346 2424 390 2460 ab
425 2423 690 2470 Eyssenhardt
718 2430 770 2460 17.
804 2429 846 2460 28
880 2434 898 2460 6
933 2428 1039 2459 textu
1079 2424 1227 2459 deletus
1265 2428 1333 2459 est.
1383 2423 1503 2458 Totus
1541 2422 1649 2458 locus
1679 2433 1698 2458 e

41 2481 47 2490 ’
73 2477 79 2484 ’
138 2512 142 2516 .
194 2482 366 2533 Varrone
386 2482 538 2517 videtur
564 2492 648 2517 esse
668 2482 862 2517 sublatus:
890 2482 934 2516 ef.
954 2482 1091 2517 Nissen
1112 2482 1133 2517 1.
1152 2482 1174 2517 i.
1193 2492 1229 2525 p.
1259 2486 1320 2516 184
1330 2489 1346 2526 ς’
1366 2484 1403 2516 et
1421 2481 1509 2516 vide
1529 2481 1697 2516 Henzen-

91 2541 103 2550 ’
134 2545 137 2547 ’
192 2539 308 2574 Orelli
334 2539 399 2582 ΙΙΙ,
426 2549 460 2582 p.
489 2543 565 2575 167.
986 2539 990 2542 ”

283 2598 311 2640 ³)
335 2592 469 2631 Mirum
496 2596 648 2631 videtur
672 2595 713 2630 id
741 2597 844 2642 quod
871 2596 1010 2631 Caesar
1037 2595 1148 2631 nobis
1175 2599 1304 2629 narrat
1329 2595 1436 2639 (Bell.
1462 2573 1551 2639 gell.
1571 2600 1602 2637 G,
1630 2598 1698 2640 21),

193 2665 213 2688 a
241 2653 437 2689 Germanis
476 2653 544 2687 hos
585 2658 659 2687 tres
686 2656 831 2688 tantum
864 2653 962 2688 deos
995 2662 1079 2687 esse
1116 2651 1291 2687 habitos:
1330 2652 1509 2694 „deorum
1542 2663 1697 2687 numero
