1944 2904
808 211 862 217 -.
925 186 978 229 15
1038 211 1093 216 ,-

142 292 172 360 ξ’
202 299 249 345 i'n
279 299 587 344 vetustissimis
618 300 732 343 Latii
752 286 1102 344 'fabulis'Janus
1134 300 1342 344 Saturnus
1373 300 1499 344 Picus
1533 300 1707 344 Faunus

138 361 142 390 3
200 369 382 429 Latinus
412 369 536 412 nobis
566 371 808 425 occurrunt,
851 383 1031 423 quorum
1074 370 1257 424 quisque
1300 370 1512 425 posterior
1544 370 1702 425 prioris

120 446 136 500 ξ
199 436 312 498 filius
354 440 431 481 est.
490 437 620 493 Apud
663 437 865 480 Plautum
907 450 1008 480 vero
1051 437 1096 480 in
1140 437 1300 481 Cistell.
1347 437 1544 481 versibus
1589 439 1625 480 2.
1668 439 1703 479 1.

92 506 98 508 “
200 507 370 563 37-45
399 506 656 560 genealogia
685 506 826 549 notior
845 511 900 549 'et
931 506 1127 549 usitatior
1158 507 1427 561 proponitur:
1462 520 1558 548 cum
1590 506 1705 548 enim

200 578 331 630 poeta
361 573 414 617 de
445 574 561 617 Iovis
593 578 717 629 patre
746 572 882 616 matre
921 588 1053 617 uxore
1093 574 1313 630 loquatur,
1355 574 1604 617 ioculariter
1633 574 1705 616 Al-

184 633 507 686 cesimarchum
549 643 794 685 credentem
837 643 976 698 finxit,
1025 643 1255 685 Saturnum
1299 649 1521 699 patruum,
1565 643 1702 698 Opem

197 712 342 756 aviam
373 726 471 756 esse
500 712 624 756 Iovis
650 716 693 756 et
713 712 922 756 Melaenis
954 712 1062 757 haec
1094 712 1202 755 vitia
1232 713 1417 768 corrigit.
1475 712 1597 765 Quae
1629 713 1704 755 do-

187 777 350 836 ctrina,
386 781 618 824 Saturnum
652 780 789 836 Opem
818 781 1025 824 Iunonem
1047 795 1144 824 esse
1175 781 1292 823 Iovis
1322 786 1491 837 patrem
1523 786 1704 824 matrem

197 863 392 905 uxorem,
422 849 675 905 priusquam
707 849 968 893 Graecorum
999 850 1053 893 de
1085 850 1153 893 his
1184 851 1313 894 rebus
1344 850 1587 893 sententiae
1619 851 1702 893 Ro-

197 930 294 961 mae
323 918 627 973 innotuissent,
658 932 742 960 non
772 919 816 960 in
848 932 928 960 usu
950 922 1058 961 erat.
1129 919 1311 961 Romani
1344 919 1577 970 enimcum
1598 919 1703 973 quid

73 1023 80 1032 ⁴„
145 1034 147 1036 v
183 985 405 1029 *Saturnus
435 987 696 1042 significaret
727 987 997 1029 sciscitantes
1027 1001 1106 1043 per
1136 988 1402 1030 Graecorum
1432 982 1598 1043 Κρόνον
1629 987 1702 1042 qui

185 1067 290 1105 ‘cum
318 1050 455 1113 χρόνῳ
486 1056 717 1099 cohaerere
758 1055 1007 1112 putabatur,
1052 1055 1248 1112 adducti,
1292 1061 1533 1099 saturatum
1576 1056 1703 1100 annis

140 1117 149 1124 ⁴
194 1138 292 1168 eum
323 1138 421 1168 esse
443 1126 712 1179 statuissent,
743 1125 811 1179 (cf.
834 1125 919 1168 Cic.
941 1125 996 1167 de
1029 1126 1145 1168 deor.
1166 1131 1253 1168 nat.
1276 1126 1331 1169 II.
1354 1127 1419 1168 25.
1443 1125 1513 1180 64)
1545 1139 1701 1180 nempe

193 1198 239 1237 ut
271 1193 427 1237 Graeci
459 1188 549 1236 Άία
580 1192 710 1236 filium
742 1206 839 1237 esse
870 1188 1054 1251 Κρόνου,
1084 1193 1146 1238 ita
1174 1194 1320 1238 Iovem
1342 1193 1525 1237 Saturno
1559 1199 1698 1237 ortum

190 1275 287 1304 esse
300 1262 513 1305 dicebant.
544 1262 695 1316 Neque
715 1276 817 1304 vero
839 1262 1068 1305 Saturnum
1091 1264 1381 1317 agriculturae
1408 1264 1548 1317 deum,
1570 1263 1697 1305 cuius

194 1344 348 1374 nomen
378 1344 463 1374 non
493 1345 591 1375 cum
622 1330 857 1374 Bitschelio
888 1344 915 1374 a
951 1330 1133 1375 serendo
1177 1330 1460 1375 derivandum
1492 1335 1579 1386 est,
1621 1331 1698 1375 sed

169 1403 285 1442 *cum
318 1399 568 1441 sanscritico
602 1400 828 1451 „Savitar“
852 1399 1072 1455 cohaeret,
1104 1400 1173 1456 (cf.
1201 1401 1364 1455 Meyer,
1396 1404 1562 1454 quaest.
1613 1400 1696 1442 Ho-

166 1467 335 1517 ,mei-ie.
366 1468 542 1510 Bonnae
577 1468 686 1510 1868
718 1482 758 1523 p.
791 1467 835 1523 8)
874 1468 1027 1511 mirum
1061 1472 1126 1511 est
1157 1468 1273 1523 quod
1310 1483 1405 1511 cum
1437 1467 1530 1525 Ope
1562 1482 1697 1512 uxore

191 1536 461 1578 matrimonio
494 1535 764 1577 coniunctum
801 1537 1039 1590 reperimus
1054 1536 1084 1590 ¹)
1118 1537 1183 1587 (cf.
1220 1542 1392 1591 praeter
1422 1537 1526 1578 Oist.
1549 1551 1588 1578 v.
1611 1550 1643 1577 s.
1666 1550 1717 1587 s.⁸

126 1660 131 1665 Ι
191 1604 279 1647 Mil.
309 1617 349 1647 v.
373 1604 500 1659 1082,
531 1604 691 1647 Persae
712 1617 750 1647 v.
774 1603 886 1659 252),
918 1605 1039 1647 cuius
1065 1605 1205 1659 ipsius
1227 1617 1463 1659 cognomen
1485 1604 1697 1647 Consivae

164 1672 247 1716 rad
279 1672 463 1715 eandem
496 1671 686 1715 radicem
720 1686 769 1715 su
801 1672 917 1729 (sav)
949 1673 1148 1729 pertinet.

305 1741 485 1785 Praeter
527 1742 630 1785 deos
673 1755 854 1798 superos
897 1746 939 1785 et
980 1742 1143 1786 inferos
1174 1768 1228 1773 ——
1259 1743 1354 1785 Aul.
1389 1744 1472 1786 368
1516 1748 1558 1786 et
1591 1743 1695 1788 Cist.

189 1811 227 1852 2.
261 1812 294 1854 1.
325 1811 380 1853 45
402 1834 455 1840 —
478 1809 742 1852 medioxumi
774 1824 945 1864 quoque
967 1815 1352 1854 commemorantur
1376 1812 1420 1854 in
1444 1812 1546 1855 Cist.
1567 1825 1695 1854 versu

129 1911 140 1919 r
189 1880 296 1921 2.,1.
317 1880 383 1934 36,
415 1878 489 1932 qui
521 1879 735 1933 quomodo
766 1879 1082 1935 interpretandi
1114 1885 1156 1923 et
1180 1880 1458 1934 intellegendi
1491 1881 1575 1923 sint
1606 1881 1694 1922 iam

188 1947 457 2001 antiquitatis
478 1948 744 2003 temporibus
757 1948 872 2003 apud
886 1948 1002 1991 viros
1022 1948 1171 1992 doctos
1184 1962 1342 2004 magna
1356 1955 1447 1992 erat
1460 1949 1693 2000 dissensio,

189 2025 369 2069 quorum
399 2016 548 2058 variae
585 2016 826 2059 sententiae
864 2030 892 2059 a
922 2017 1114 2060 Prellero
1152 2018 1195 2060 in
1234 2017 1366 2074 myth.
1399 2019 1520 2060 Rom.
1560 2032 1601 2074 p.
1639 2020 1692 2060 47

186 2084 452 2141 compositae
483 2088 593 2128 sunt.
655 2085 821 2128 Preller
851 2085 945 2140 ipse
982 2090 1107 2143 putat
1138 2087 1313 2130 eosdem
1345 2100 1443 2130 esse
1474 2087 1694 2130 medioxu-

83 2152 94 2180 7
157 2217 160 2220 Α
187 2166 280 2196 mos
309 2152 415 2197 deos
447 2152 521 2208 qui
553 2158 780 2198 terrestres
813 2155 930 2210 apud
961 2155 1132 2198 Livium
1164 2156 1197 2199 Ι.
1227 2156 1282 2199 32
1314 2156 1572 2213 dieantur.2)

194 2359 199 2362 ἱ
284 2317 308 2356 1)
334 2314 390 2352 ef.
418 2315 565 2351 Merkel
599 2316 697 2360 prol.
736 2317 851 2352 Ovid.
885 2316 973 2353 fast.
1004 2328 1040 2362 p.
1074 2317 1320 2354 OCXXXIX:
1371 2318 1472 2363 „Ops
1506 2328 1572 2353 cur
1606 2329 1689 2353 cum

184 2374 351 2410 Saturno
377 2373 583 2408 coniuncta
607 2374 657 2409 sit
690 2374 807 2409 docet
832 2375 970 2410 Festus
997 2379 1073 2410 186.
1100 2380 1160 2411 25:
1199 2376 1353 2410 scilicet
1379 2379 1538 2421 propter
1564 2372 1690 2411 officii

119 2441 123 2444 ’
186 2430 500 2467 coniunctionem
518 2435 720 2476 postquam
740 2431 847 2467 feriis
867 2436 904 2467 et
921 2433 1066 2477 templo
1085 2433 1291 2469 coniuncta
1310 2436 1386 2478 est,
1404 2434 1691 2470 interveniente

184 2488 315 2526 fabula
340 2482 488 2525 Graeca
512 2488 694 2534 deposuit
718 2489 812 2525 illud
838 2491 1065 2526 conserendi
1100 2488 1270 2526 officium
1297 2491 1505 2536 habitaque
1531 2495 1594 2527 est
1618 2502 1690 2537 pro

183 2539 323 2591 Terra,
350 2546 667 2591 quemadmodum
678 2544 760 2583 Ῥέα
775 2548 1008 2583 Graecorum
1023 2558 1044 2582 a
1065 2548 1226 2592 tragicis
1241 2548 1354 2583 etiam
1370 2548 1687 2583 vetustioribus.“

275 2599 305 2649 2)
329 2603 412 2640 Hac
437 2604 642 2640 occasione
660 2602 789 2640 oblata
808 2604 855 2640 de
875 2604 1024 2650 origine
1042 2604 1220 2640 vocabuli
1240 2605 1550 2651 ‚,medi0xumus“
1568 2616 1690 2651 pauca

185 2660 324 2697 dicam:
351 2662 405 2697 ita
430 2661 680 2698 dividendum
707 2665 790 2699 estt‘
812 2661 1172 2708 ‚,medioc-sumus“;
1198 2662 1230 2697 si
1250 2666 1376 2698 autem
1402 2662 1441 2699 id
1467 2663 1571 2708 quod
1600 2673 1686 2698 con-

188 2720 361 2755 tenditur
386 2720 645 2764 superlativus
667 2723 726 2754 est
751 2720 934 2755 adiectivi
965 2720 1191 2766 mediocris,
1217 2725 1426 2756 statuamus
1446 2730 1605 2756 necesse
1631 2725 1689 2756 est
