1944 2904
851 84 1131 167 —46'—
1616 86 1638 118 Χ

238 251 421 282 cumena
442 237 685 293 Euripidis.⁴
688 242 697 260 ⁸
746 238 865 279 Haec
895 237 1047 280 ultima
1078 251 1152 280 vei
1156 237 1211 280 ba
1243 236 1431 281 dubitari
1462 238 1627 294 nequit
1642 238 1768 294 quin
1866 216 1941 239 ἃ

207 320 293 352 ,ex
329 310 459 363 poeta
501 303 689 361 quodam
720 305 984 349 Giaecorum
1029 309 1201 361 sumpta
1232 305 1335 362 sint,
1361 306 1453 362 qui
1485 306 1597 350 hanc
1628 306 1748 351 Euri-

236 376 412 433 pideam
442 374 631 419 fabulam
663 373 870 419 deludere
900 376 1091 428 volebat3
1122 375 1218 431 quis
1250 374 1320 418 hic
1350 374 1480 419 fuerit
1509 376 1746 420 nescimus:
1928 385 1943 396 μ

237 445 488 502 Euripidem
519 447 663 487 autem
696 457 850 487 revera
887 444 1016 488 huius
1051 444 1169 487 tituli
1193 444 1397 487 fabulam
1419 444 1618 491 docuisse
1651 459 1747 490 con-

237 517 339 566 stat3
378 514 429 556 cf.
459 501 663 556 Welcker
693 513 748 557 de
780 516 888 568 trag.
920 513 990 557 Gr.
1022 529 1062 569 p.
1095 514 1341 557 690—694
1386 514 1613 569 Neptunus
1636 516 1756 558 verofi
1790 554 1795 559 .
1852 554 1859 567 „

236 581 343 625 deus
385 595 595 659 aquarum
637 594 722 624 non
760 585 826 625 est
869 582 1024 624 mirum
1064 582 1178 637 quod
1217 582 1391 626 balinea
1422 596 1595 638 quoque
1626 587 1747 626 curat

235 654 281 693 ut
311 654 494 707 apparet
533 649 575 692 in
606 649 714 692 Rud.
744 664 784 693 v.
808 651 907 694 527:
938 650 1142 706 „Edepol‚
1173 651 1386 707 Neptune,
1423 665 1469 694 es
1505 643 1748 695 balineator

233 718 435 773 frigidus:
470 718 577 762 Cum
598 718 868 762 vestimentis
899 723 1128 776 postquam
1151 733 1179 762 a
1199 720 1273 762 ted
1303 719 1392 766 abii
1422 719 1592 775 algeo,“
1633 721 1746 779 quae

232 787 366 830 verba
396 787 492 842 ipsa
513 786 571 829 ad
594 786 808 830 Graecum
842 788 1064 843 exemplar
1092 787 1243 831 referri
1268 793 1449 843 possunt
1470 801 1554 830 non
1576 788 1747 850 debent.

235 857 428 912 Itemque
460 856 738 912 perspicuum
770 861 837 900 est
875 857 990 913 quo-d
1032 857 1135 900 dicit
1170 869 1320 900 omnes
1352 870 1459 913 opes
1489 860 1532 901 et
1562 856 1741 900 divitias

234 939 341 979 quas
372 925 628 979 navigantes
649 925 886 981 amiserint,
918 926 1107 982 Neptuni
1129 925 1238 981 fieri3
1270 926 1324 971 cf.
1354 926 1462 969 Eud,
1493 940 1531 968 V,
1561 926 1646 969 372
1667 920 1763 981 sq*
1791 987 1797 992 ‚

235 994 383 1049 „N0vi,
425 993 653 1050 Neptunus
683 993 745 1037 ita
777 994 903 1038 solet:
947 994 1146 1050 quamvis
1176 993 1433 1038 fastidiosus
1464 986 1631 1038 Aedilis
1661 997 1744 1038 est:

233 1063 269 1105 si
301 1076 413 1118 quae
456 1063 681 1119 improbae
713 1066 811 1108 sunt
848 1076 1026 1119 merces,
1056 1064 1190 1106 iactat
1221 1064 1412 1118 omnes,“
1450 1065 1638 1107 maxime
1670 1077 1746 1107 eas

199 1144 340 1185 -quae
371 1144 457 1173 non
494 1131 606 1174 iuste
652 1135 930 1188 comparatae
973 1135 1081 1175 sunt.
1143 1132 1201 1175 Ut
1242 1136 1388 1175 autem
1433 1145 1582 1174 omnes
1618 1131 1662 1174 di
1699 1131 1746 1174 id

230 1199 344 1255 quod
388 1200 476 1242 iam
520 1213 826 1254 nonnunquam
869 1200 1057 1243 vidimus
1101 1214 1261 1256 „genus
1297 1200 1539 1244 lenonium“
1582 1198 1673 1243 odit
1695 1204 1746 1259 ¹et

225 1267 517 1322 persequitur,
560 1268 622 1310 sic
672 1268 900 1323 Neptunus
944 1281 1116 1324 quoque
1161 1268 1241 1311 hoc
1295 1268 1421 1312 modo
1465 1267 1660 1323 procedit
1700 1268 1744 1310 in

228 1336 337 1379 Rud.
374 1350 411 1380 v.
450 1337 533 1380 358
566 1350 650 1392 sq.:
692 1337 754 1392 „O
786 1338 988 1394 Neptune
1029 1337 1179 1394 >lepide
1223 1337 1367 1380 salve:
1410 1337 1477 1380 Ne
1507 1340 1551 1380 te
1581 1336 1747 1386 aleator

224 1406 365 1448 nullus
398 1409 466 1448 est
494 1406 749 1462 sapientior3
794 1407 989 1462 profecto
1022 1407 1163 1449 Nimis
1204 1406 1352 1462 lepide
1395 1406 1537 1449 iecisti
1579 1406 1741 1448 bolum:

224 1474 444 1530 periurum
476 1474 552 1531 (sc.
583 1474 802 1531 lenonem)
834 1474 1110 1532 perdidisti;“
1141 1473 1196 1519 cf,
1224 1463 1428 1518 ibid.'485
1456 1487 1524 1529 sq.
1556 1477 1599 1517 et
1629 1474 1743 1517 simi-

223 1543 310 1585 lem
342 1555 547 1585 scaenam
579 1544 701 1586 Most.
732 1545 973 1587 431—439.
1042 1588 1045 1591 ,

340 1605 494 1665 Neque
525 1624 629 1654 vero
661 1611 804 1654 Plauti
846 1615 992 1656 aetate
1030 1612 1164 1654 ullum
1201 1611 1433 1654 discrimen
1464 1611 1599 1654 fuisse
1630 1611 1740 1654 inter

187 1724 200 1736 ·
222 1680 469 1735 Neptunum
512 1683 555 1722 et
600 1678 888 1731 Ποσειδῶνα,Α
929 1681 1050 1724 cuius
1092 1694 1248 1723 nomen
1290 1684 1407 1723 recte
1451 1679 1672 1723 derivatur
1713 1694 1740 1723 a

222 1748 494 1790 substantivo
526 1743 664 1800 πόσις
697 1777 741 1789 =
773 1753 902 1807 potus
934 1753 976 1792 et
998 1744 1102 1792 Δάν
1134 1777 1179 1789 =
1211 1748 1329 1791 Iovis
1362 1773 1413 1778 -
1447 1748 1546 1791 vide
1571 1742 1739 1792 Ahrens

218 1817 263 1858 in
277 1816 494 1872 Philologi
512 1818 596 1861 vol.
612 1820 678 1874 23,
711 1834 753 1896 p.
778 1820 858 1861 211
883 1818 1300 1862 —luculentissime
1322 1817 1429 1860 Rud.
1451 1831 1489 1860 v.
1511 1818 1737 1861 361—362

217 1884 460 1941 declarant,
499 1887 573 1941 qui
605 1886 753 1930 nescio
786 1900 842 1930 an
876 1887 929 1931 de
953 1887 1121 1931 Graeco
1154 1890 1284 1943 poeta
1316 1887 1473 1941 sumpti
1506 1889 1621 1929 certe
1652 1900 1737 1930 non

217 1953 538 1998 inconsiderate
569 1954 673 1998 mihi
705 1956 939 2000 videantur
970 1955 1215 2013 compositi:

333 2023 490 2078 „Periit
524 2023 718 2077 potando
760 2024 930 2081 opinor:
973 2025 1203 2082 Neptunus
1246 2024 1415 2078 magnis
1454 2023 1619 2076 poculis
1655 2023 1736 2066 hac

218 2094 344 2134 nocte
399 2106 498 2135 eum
552 2093 792 2135 invitavit.“
871 2094 985 2136 Nam
1018 2092 1278 2136 Ποσειδῶνα
1324 2093 1587 2135 Graecorum
1639 2105 1735 2135 cum

217 2159 412 2217 Dionyso
444 2161 536 2204 vini
567 2161 649 2205 deo
680 2165 774 2206 arte
807 2162 1082 2206 coniunctum
1115 2162 1250 2205 fuisse
1282 2161 1453 2215 scimus,
1485 2174 1570 2217 qua
1602 2160 1667 2204 de.
1688 2174 1755 2205 re-

219 2230 338 2284 apud
375 2230 594 2273 Romanos
632 2234 763 2274 antea
811 2231 921 2274 nihil
962 2231 1201 2274 constabat.
1267 2231 1388 2273 Unde
1420 2230 1549 2272 etiam
1581 2229 1735 2272 melius

216 2296 518 2352 intellegemus
549 2299 658 2341 Rud.
689 2312 802 2342 vers
831 2300 914 2343 588
947 2313 1029 2355 sq.:
1059 2298 1219 2355 „Quasi
1250 2301 1362 2343 vinis
1388 2299 1554 2354 yraeeis
1574 2298 1735 2354 Neptu·
1802 2347 1806 2353 ,

216 2378 296 2407 nus
328 2366 453 2409 nobis
501 2359 679 2410 suffudit
709 2381 844 2420 mare,
876 2369 1032 2423 Itaque
1064 2369 1207 2411 alvom
1239 2367 1364 2424 prodi
1396 2368 1588 2423 speravit
1609 2362 1733 2410 nobis

215 2434 344 2476 salsis
368 2436 549 2487 poculis.
580 2461 633 2466 —-
679 2437 877 2493 Denique
908 2440 1044 2479 restat
1075 2437 1198 2480 Milit.
1230 2450 1269 2478 v.
1294 2439 1358 2485 15,
1392 2438 1434 2478 in
1467 2450 1549 2490 quo
1572 2437 1732 2491 Pyrgo-

215 2502 299 2557 pol.
330 2503 511 2548 ridicule
555 2504 742 2560 loquitur
774 2504 830 2548 de
861 2510 1021 2561 nepote
1054 2505 1239 2561 quodam
1273 2505 1461 2560 Neptuni
1494 2516 1622 2559 quem
1648 2504 1732 2547 An-

213 2571 406 2625 tigonum
450 2572 665 2615 Gronatam
709 2574 1048 2629 intellegendum
1093 2586 1191 2617 esse
1229 2572 1439 2615 Demetrii
1479 2572 1732 2616 Poliorcetis

212 2638 347 2682 filium
380 2640 453 2695 qui
485 2654 532 2684 se
554 2642 744 2698 Neptuni
776 2641 909 2685 filium
940 2642 1210 2698 appellasset
1239 2641 1404 2697 primus
1436 2641 1579 2683 docuit
1600 2642 1730 2696 Berg—

1878 2887 1894 2897 ’θ

1903 2871 1923 2904 ’,θ’
1918 2859 1922 2861 ι

1922 2813 1944 2904 ὺῆῧὶεῆ
1930 2675 1944 2792 :1¹¹*«⁴..e>»r
1937 2609 1941 2622 -
1937 2588 1944 2594 r
1931 2510 1944 2579 -hjvv
1937 2480 1944 2495 ‚v
1933 2462 1944 2470 Δ
