1944 2904
846 101 1118 144 ...58-

231 217 385 261 avibus
416 214 723 273 Stymphalicis
754 227 850 258 cum
880 213 1049 259 Antaeo
1081 214 1292 259 deluctari
1324 213 1564 272 mavelim1)
1596 214 1736 269 Quam

232 299 328 329 eum
359 286 514 328 Amore
545 316 555 327 .
586 317 594 327 .
626 287 660 327 .“
696 284 925 326 dicendum
956 283 1061 326 mihi
1093 287 1158 327 est
1196 284 1251 326 de
1282 283 1481 333 Herculis
1517 284 1736 330 laboribus
1805 290 1808 292 ’
1846 291 1854 338 ζ
1890 287 1918 338 255

234 368 342 411 quos
375 354 410 397 si
443 367 519 397 sex
539 356 703 396 tantum
726 356 1032 396 commemorat
1053 353 1244 408 Plautus,
1277 353 1496 408 quaeritur
1526 366 1627 397 num
1656 353 1738 398 hos
1783 346 1829 375 ’Ψ
1853 356 1866 402 ’,

231 438 311 467 sex
343 436 490 468 omnes
522 422 721 465 Herculis
752 421 926 465 labores
948 421 1086 465 fuisse
1106 421 1371 478 putaverim)
1416 421 1540 473 Quod
1570 435 1626 465 ex
1656 422 1738 467 hoc

235 493 325 538 solo
355 492 449 536 loco
492 490 724 536 diiudicari
766 491 933 547 nequit,
977 504 1072 535 cum
1112 491 1280 535 etiamsi
1317 491 1361 535 in
1404 499 1532 535 versu
1562 493 1587 536 2
1618 476 1944 551 dicit:.-U.j-JJ}.³'55?³{·³

237 561 481 618 „superavit
525 568 754 603 aerumnas
799 573 970 603 omnes
1017 560 1216 603 Herculi“
1268 566 1412 603 tamen
1458 561 1738 616 sequentibus
1813 564 1815 566 “

234 629 431 673 versibus
463 642 539 673 eas
561 628 721 684 eligere
743 628 941 686 potuerit,
963 641 1074 684 quae
1096 627 1178 672 sibi
1200 628 1386 673 maxime
1407 628 1598 684 insignes
1618 629 1739 673 vide·
1815 645 1817 647 ·
1867 628 1897 657 '³'

234 703 390 741 rentur.
452 697 741 741 Verisimilius
774 710 876 740 vero
908 698 1016 740 illud
1046 697 1092 739 fit
1122 698 1366 752 legentibus
1404 697 1528 741 nobis
1566 705 1739 759 versum

233 766 401 824 Epidici
426 768 521 822 179,
543 774 636 821 quo·
650 766 921 823 Periphanes
942 767 997 810 de
1018 777 1152 813 uxore
1173 781 1251 810 sua
1273 781 1476 821 querens:
1503 767 1738 819 „Hercules

232 849 311 890 ego
342 836 414 890 fui,
444 836 546 878 dum
584 835 660 879 illa
691 848 860 880 mecum
890 836 990 879 fuit:
1034 836 1187 891 Neque
1225 839 1350 879 sexta
1385 848 1592 879 aerumna
1622 848 1739 879 acer-

226 904 325 948 -bior
355 904 530 949 Herculi
563 918 693 960 quam
726 905 785 948 mi
815 905 893 948 illa
925 905 1178 948 obiectast.“
1226 905 1338 948 Nam
1371 905 1486 961 quod
1517 904 1739 960 Kiessling

226 974 274 1017 -in
305 987 411 1018 muS.
442 975 562 1019 rhen.
593 975 677 1020 vol.
708 977 763 1019 23
794 990 834 1033 p.
864 975 949 1020 418
983 978 1150 1018 sextam
1172 988 1424 1018 aerumnam
1445 988 1531 1019 non
1552 974 1740 1035 referen-

227 1042 333 1087 dam
365 1058 463 1087 esse
495 1045 666 1100 putavit
697 1045 755 1087 ad
786 1045 1052 1101 Hippolytae
1084 1045 1301 1100 cingulum
1334 1045 1403 1101 (cf,
1434 1046 1545 1089 Men.
1566 1058 1605 1088 v.
1627 1044 1740 1101 200),

224 1113 309 1157 sed
339 1114 396 1157 ad
429 1114 662 1159 Cerberum
695 1129 718 1159 e
750 1118 912 1159 tartaro
944 1114 1198 1158 arcessitum
1229 1114 1300 1158 vel
1331 1115 1388 1158 ad
1409 1113 1606 1170 hydram,
1637 1128 1741 1170 qua-

232 1196 327 1224 eum
357 1186 489 1238 poeta
518 1183 618 1226 aliis
650 1196 821 1238 quoque
855 1183 961 1226 locis
992 1184 1197 1238 coniuges
1234 1183 1530 1230 intolerandas
1567 1196 1740 1240 compa-

231 1254 357 1308 raret,
388 1251 451 1308 (ut
483 1252 550 1296 Ps.
583 1265 623 1295 v.
654 1252 751 1308 218,
782 1251 878 1296 Cas.
909 1265 948 1296 v.
981 1254 1019 1296 3.
1052 1252 1089 1297 5.
1113 1251 1318 1308 18).hanc
1339 1251 1740 1308 interpretationem

222 1334 316 1365 non
346 1321 639 1365 necessariam
672 1321 786 1378 dico;
818 1321 897 1365 sed
930 1325 1054 1368 sexto
1076 1321 1224 1365 labore
1246 1321 1530 1376 gravissimus
1552 1321 1739 1365 omnium

232 1389 516 1446 significatur,
562 1391 677 1446 quod
707 1390 815 1434 nihil
847 1391 986 1434 maius
1017 1390 1176 1434 malum
1209 1390 1264 1433 sit
1296 1404 1425 1445 quam
1456 1396 1564 1434 uxo'r
1595 1390 1742 1436 rixosa

233 1463 276 1502 et
307 1458 562 1517 importuna.
623 1460 692 1504 Ad
723 1474 801 1505 sex
843 1460 943 1503 illos
987 1460 1161 1504 labores
1200 1460 1349 1504 fabula
1391 1460 1446 1503 de
1478 1459 1743 1517 Hippolytae

233 1528 406 1584 cingulo
438 1529 624 1584 accedit,
666 1543 796 1584 quam
828 1529 1013 1573 Plautus
1038 1535 1084 1572 ut
1115 1528 1285 1572 videtur
1314 1528 1469 1572 nesciit
1499 1542 1527 1572 a
1559 1529 1742 1573 Graecis

232 1597 275 1640 in
316 1610 543 1640 nnmerum
589 1597 818 1641 duodecim
874 1611 1176 1641 aerumnarum
1233 1598 1467 1655 ascriptam
1518 1611 1634 1654 esse,
1686 1598 1742 1642 de

233 1666 476 1722 Hippolyta
508 1680 620 1722 quae
652 1667 708 1710 ab
739 1666 838 1710 aliis
860 1666 1119 1723 Astydamia
1150 1680 1322 1722 quoque
1354 1666 1659 1724 appellabatur
1690 1666 1742 1711 cf.

235 1735 376 1778 Schol.
406 1735 534 1778 Arist.
567 1736 677 1779 Nub.
699 1749 738 1781 v.
771 1736 892 1778 1063.
935 1736 1088 1790 Neque
1111 1748 1212 1778 vero
1235 1736 1358 1780 deest
1378 1736 1585 1779 Hercules
1606 1736 1742 1783 clavis

233 1803 465 1848 instructus
496 1804 540 1853 in
571 1804 679 1847 Rud.
711 1817 750 1849 v.
780 1805 863 1848 821
897 1817 959 1859 sq.
997 1804 1102 1859 „Eu,
1134 1803 1279 1848 hercle
1309 1817 1363 1847 ne
1393 1804 1492 1846 istie
1522 1803 1626 1847 fana
1656 1818 1744 1847 mu-

234 1876 379 1915 tantur
410 1872 513 1916 cito:
545 1873 637 1915 Hoc
661 1873 877 1917 Herculist
908 1873 992 1915 iam
1015 1873 1196 1915 Veneris
1228 1873 1375 1915 fanum
1408 1872 1523 1927 quod
1552 1872 1743 1916 fuit21ta

236 1941 321 1985 duo
353 1941 551 1985 destituit
582 1942 705 1997 signa
726 1941 796 1985 hic
828 1955 924 1985 cum
956 1942 1090 1985 clavis
1122 1945 1291 1985 senex.“
1339 1941 1434 1993 Qua
1454 1941 1509 1985 de
1529 1955 1576 1986 re
1597 1941 1744 1986 confer

236 2010 421 2054 Prelleri
453 2010 589 2067 myth.
622 2012 743 2054 Rom.
786 2026 826 2068 p.
858 2011 943 2056 650
974 2025 1070 2055 cum
1101 2010 1199 2055 adn.
1232 2011 1266 2054 1.
1328 2011 1377 2054 In
1416 2011 1599 2055 Mostell.
1641 2024 1743 2054 vero

236 2092 365 2123 versu
409 2081 512 2135 528,
554 2080 773 2136 (Tranio):
820 2080 1074 2132 „Herculem
1105 2079 1295 2123 invoca.“
1361 2078 1744 2137 (Theopropides):

239 2148 487 2203 „Her-culeS,
518 2152 562 2191 te
593 2162 674 2203 ego
706 2149 895 2204 invoco,“
926 2148 1135 2192 Hercules
1167 2153 1234 2192 est
1255 2148 1467 2191 Salutaris
1498 2149 1567 2191 vel
1587 2148 1743 2192 Defen-

236 2230 318 2272 sor,
350 2216 546 2260 Graecus
573 2209 867 2271 Ἀλεξίκακος,
899 2216 954 2260 de
987 2229 1071 2272 quo
1102 2216 1203 2260 vide
1234 2215 1409 2260 Preller.
1439 2231 1478 2273 p.
1512 2217 1606 2261 655.
1682 2230 1685 2233 ·

352 2285 440 2329 Sed
470 2286 559 2329 alia
586 2286 750 2330 fabella
772 2286 830 2329 ad
851 2286 1081 2329 Herculem
1112 2286 1253 2341 ipsum
1289 2289 1490 2341 spectans
1521 2285 1567 2327 in
1587 2285 1744 2340 Bacch.
1820 2340 1822 2342 ¹

238 2366 275 2396 v.
310 2354 389 2399 155
420 2354 545 2397 nobis
577 2354 779 2397 occurrit:
811 2354 924 2397 Pist:
956 2354 1119 2410 „Fiam,
1151 2360 1197 2397 ut
1218 2367 1298 2409 ego
1331 2353 1495 2409 opinor,
1525 2353 1745 2410 Hercules,

239 2427 282 2464 tu
312 2427 457 2465 autem
490 2423 658 2467 Linus.“
716 2423 838 2467 Lud.:
868 2423 971 2479 „Pol
1004 2427 1145 2467 metuo
1177 2423 1319 2478 magis
1348 2436 1402 2465 ne
1435 2422 1631 2466 Phoenix
1661 2423 1745 2466 tuis

341 2596 364 2639 ¹)
390 2595 443 2629 Ex
469 2594 733 2630 emendatione
759 2594 827 2629 Th.
853 2593 1031 2640 Bergkii:
1057 2594 1171 2630 Beitr.
1198 2606 1263 2629 zur
1288 2594 1351 2628 lat.
1378 2592 1439 2629 Gr.
1465 2606 1501 2639 p.
1527 2599 1582 2631 41.

334 2654 362 2697 ²)
389 2653 500 2698 Apud
526 2652 690 2689 Graecos
714 2663 892 2689 numerus
917 2652 1026 2688 valde
1054 2651 1273 2688 fluctuabat.
