<?xml version="1.0" encoding="UTF-8"?>
<!DOCTYPE html PUBLIC "-//W3C//DTD XHTML 1.0 Transitional//EN"
    "http://www.w3.org/TR/xhtml1/DTD/xhtml1-transitional.dtd">
<html xmlns="http://www.w3.org/1999/xhtml" xml:lang="en" lang="en">
 <head>
  <title>
</title>
<meta http-equiv="Content-Type" content="text/html;charset=utf-8" />
  <meta name='ocr-system' content='tesseract 3.04.00' />
  <meta name='ocr-capabilities' content='ocr_page ocr_carea ocr_par ocr_line ocrx_word'/>
</head>
<body>
  <div class='ocr_page' id='page_1' title='image "./4626780_0068.png"; bbox 0 0 1944 2904; ppageno 0'>
   <div class='ocr_carea' id='block_1_1' title="bbox 0 0 373 221">
    <p class='ocr_par' dir='ltr' id='par_1_1' title="bbox 0 0 373 221">
     <span class='ocr_line' id='line_1_1' title="bbox 0 0 373 221; baseline 0 0"><span class='ocrx_word' id='word_1_1' title='bbox 0 0 373 221; x_wconf 95' lang='lat' dir='ltr'><strong>  </strong></span> 
     </span>
    </p>
   </div>
   <div class='ocr_carea' id='block_1_2' title="bbox 0 60 1776 2722">
    <p class='ocr_par' dir='ltr' id='par_1_2' title="bbox 0 60 1776 2722">
     <span class='ocr_line' id='line_1_2' title="bbox 851 60 1118 115; baseline 0 -12"><span class='ocrx_word' id='word_1_2' title='bbox 851 96 904 103; x_wconf 84' lang='grc'><strong>-.</strong></span> <span class='ocrx_word' id='word_1_3' title='bbox 956 70 1010 115; x_wconf 83' lang='lat'><strong>57</strong></span> <span class='ocrx_word' id='word_1_4' title='bbox 1037 60 1039 63; x_wconf 82' lang='grc'><strong>’</strong></span> <span class='ocrx_word' id='word_1_5' title='bbox 1074 96 1118 103; x_wconf 78' lang='grc'>-</span> 
     </span>
     <span class='ocr_line' id='line_1_3' title="bbox 235 175 1741 235; baseline -0.002 -6"><span class='ocrx_word' id='word_1_6' title='bbox 235 175 389 235; x_wconf 61' lang='lat' dir='ltr'><strong>&#39;Fidius</strong></span> <span class='ocrx_word' id='word_1_7' title='bbox 408 184 452 229; x_wconf 88' lang='lat' dir='ltr'><strong>in</strong></span> <span class='ocrx_word' id='word_1_8' title='bbox 473 185 746 230; x_wconf 88' lang='lat' dir='ltr'><strong>iureiurando</strong></span> <span class='ocrx_word' id='word_1_9' title='bbox 767 186 1057 231; x_wconf 81' lang='lat' dir='ltr'>invocabatur.</span> <span class='ocrx_word' id='word_1_10' title='bbox 1080 212 1134 217; x_wconf 95' lang='lat'><strong>—</strong></span> <span class='ocrx_word' id='word_1_11' title='bbox 1156 185 1387 230; x_wconf 88' lang='lat' dir='ltr'><strong>Perfidiam</strong></span> <span class='ocrx_word' id='word_1_12' title='bbox 1408 184 1535 228; x_wconf 89' lang='lat' dir='ltr'><strong>deam</strong></span> <span class='ocrx_word' id='word_1_13' title='bbox 1557 184 1601 227; x_wconf 89' lang='lat' dir='ltr'><strong>in</strong></span> <span class='ocrx_word' id='word_1_14' title='bbox 1621 182 1741 227; x_wconf 84' lang='lat' dir='ltr'><strong>Asin.</strong></span> 
     </span>
     <span class='ocr_line' id='line_1_4' title="bbox 221 251 1738 311; baseline -0.001 -14"><span class='ocrx_word' id='word_1_15' title='bbox 221 252 281 302; x_wconf 48' lang='grc' dir='ltr'><strong>’μὴ</strong></span> <span class='ocrx_word' id='word_1_16' title='bbox 306 251 390 298; x_wconf 79' lang='lat'><strong>545</strong></span> <span class='ocrx_word' id='word_1_17' title='bbox 422 255 638 298; x_wconf 87' lang='lat' dir='ltr'><strong>Romanos</strong></span> <span class='ocrx_word' id='word_1_18' title='bbox 667 268 751 299; x_wconf 92' lang='lat' dir='ltr'><strong>non</strong></span> <span class='ocrx_word' id='word_1_19' title='bbox 789 258 1017 300; x_wconf 87' lang='lat' dir='ltr'><strong>veneratos</strong></span> <span class='ocrx_word' id='word_1_20' title='bbox 1054 268 1168 311; x_wconf 88' lang='lat' dir='ltr'><strong>esse,</strong></span> <span class='ocrx_word' id='word_1_21' title='bbox 1210 253 1290 299; x_wconf 90' lang='lat' dir='ltr'><strong>sed</strong></span> <span class='ocrx_word' id='word_1_22' title='bbox 1321 254 1532 298; x_wconf 86' lang='lat' dir='ltr'><strong>Libanum</strong></span> <span class='ocrx_word' id='word_1_23' title='bbox 1569 266 1738 297; x_wconf 86' lang='lat' dir='ltr'><strong>servom</strong></span> 
     </span>
     <span class='ocr_line' id='line_1_5' title="bbox 197 321 1053 380; baseline 0.002 -14.885"><span class='ocrx_word' id='word_1_24' title='bbox 197 321 293 378; x_wconf 47' lang='lat' dir='ltr'><strong>&amp;de</strong></span> <span class='ocrx_word' id='word_1_25' title='bbox 322 321 405 367; x_wconf 84' lang='lat' dir='ltr'><strong>hac</strong></span> <span class='ocrx_word' id='word_1_26' title='bbox 434 337 512 380; x_wconf 88' lang='lat' dir='ltr'><strong>per</strong></span> <span class='ocrx_word' id='word_1_27' title='bbox 541 323 681 368; x_wconf 89' lang='lat' dir='ltr'><strong>iocum</strong></span> <span class='ocrx_word' id='word_1_28' title='bbox 710 324 828 380; x_wconf 90' lang='lat' dir='ltr'><strong>loqui</strong></span> <span class='ocrx_word' id='word_1_29' title='bbox 858 327 1053 380; x_wconf 86' lang='lat' dir='ltr'><strong>apparet.</strong></span> 
     </span>
     <span class='ocr_line' id='line_1_6' title="bbox 225 382 1776 449; baseline 0 -14"><span class='ocrx_word' id='word_1_30' title='bbox 225 382 232 406; x_wconf 72' lang='lat'><em>²</em></span> <span class='ocrx_word' id='word_1_31' title='bbox 303 403 307 405; x_wconf 67' lang='grc'>’</span> <span class='ocrx_word' id='word_1_32' title='bbox 352 392 578 437; x_wconf 89' lang='lat' dir='ltr'><strong>Postremo</strong></span> <span class='ocrx_word' id='word_1_33' title='bbox 615 389 757 449; x_wconf 85' lang='lat' dir='ltr'><strong>pauca</strong></span> <span class='ocrx_word' id='word_1_34' title='bbox 791 392 1049 437; x_wconf 81' lang='lat' dir='ltr'><strong>adnotemus</strong></span> <span class='ocrx_word' id='word_1_35' title='bbox 1078 392 1135 437; x_wconf 88' lang='lat' dir='ltr'><strong>ad</strong></span> <span class='ocrx_word' id='word_1_36' title='bbox 1168 392 1271 438; x_wconf 82' lang='lat' dir='ltr'><strong>Cist.</strong></span> <span class='ocrx_word' id='word_1_37' title='bbox 1302 406 1339 435; x_wconf 92' lang='lat' dir='ltr'><strong>v.</strong></span> <span class='ocrx_word' id='word_1_38' title='bbox 1373 393 1409 435; x_wconf 91' lang='grc'>1.</span> <span class='ocrx_word' id='word_1_39' title='bbox 1441 393 1478 437; x_wconf 88' lang='grc'><strong>3.</strong></span> <span class='ocrx_word' id='word_1_40' title='bbox 1510 392 1547 436; x_wconf 92' lang='lat'><strong>1.</strong></span> <span class='ocrx_word' id='word_1_41' title='bbox 1578 405 1653 447; x_wconf 63' lang='lat' dir='ltr'><strong>sq„</strong></span> <span class='ocrx_word' id='word_1_42' title='bbox 1683 390 1739 435; x_wconf 90' lang='lat' dir='ltr'><strong>de</strong></span> <span class='ocrx_word' id='word_1_43' title='bbox 1774 416 1776 419; x_wconf 92' lang='lat'><em>-</em></span> 
     </span>
     <span class='ocr_line' id='line_1_7' title="bbox 233 460 1738 520; baseline -0.001 -15"><span class='ocrx_word' id='word_1_44' title='bbox 233 460 395 518; x_wconf 82' lang='lat' dir='ltr'><strong>quibus</strong></span> <span class='ocrx_word' id='word_1_45' title='bbox 424 460 689 507; x_wconf 84' lang='lat' dir='ltr'><strong>Ritschelius</strong></span> <span class='ocrx_word' id='word_1_46' title='bbox 718 462 764 506; x_wconf 88' lang='lat' dir='ltr'><strong>in</strong></span> <span class='ocrx_word' id='word_1_47' title='bbox 793 475 962 520; x_wconf 83' lang='lat' dir='ltr'><strong>parerg.</strong></span> <span class='ocrx_word' id='word_1_48' title='bbox 992 478 1032 520; x_wconf 91' lang='lat' dir='ltr'><strong>p.</strong></span> <span class='ocrx_word' id='word_1_49' title='bbox 1064 463 1144 506; x_wconf 81' lang='lat'><strong>237</strong></span> <span class='ocrx_word' id='word_1_50' title='bbox 1177 462 1285 507; x_wconf 92' lang='lat' dir='ltr'><strong>haec</strong></span> <span class='ocrx_word' id='word_1_51' title='bbox 1323 460 1513 505; x_wconf 85' lang='lat' dir='ltr'><strong>disserit:</strong></span> <span class='ocrx_word' id='word_1_52' title='bbox 1557 460 1738 514; x_wconf 86' lang='lat' dir='ltr'><strong>„Utrum</strong></span> 
     </span>
     <span class='ocr_line' id='line_1_8' title="bbox 165 529 1738 589; baseline -0.001 -14"><span class='ocrx_word' id='word_1_53' title='bbox 165 549 170 586; x_wconf 85' lang='lat'><strong>&#39;.</strong></span> <span class='ocrx_word' id='word_1_54' title='bbox 235 529 303 575; x_wconf 36' lang='lat' dir='ltr'><strong>*ad</strong></span> <span class='ocrx_word' id='word_1_55' title='bbox 325 529 518 575; x_wconf 80' lang='lat' dir='ltr'><strong>fabulam</strong></span> <span class='ocrx_word' id='word_1_56' title='bbox 550 531 680 589; x_wconf 86' lang='lat' dir='ltr'><strong>plane</strong></span> <span class='ocrx_word' id='word_1_57' title='bbox 710 531 1044 588; x_wconf 88' lang='lat' dir='ltr'><strong>intellegendam</strong></span> <span class='ocrx_word' id='word_1_58' title='bbox 1074 531 1209 575; x_wconf 87' lang='lat' dir='ltr'><strong>verba</strong></span> <span class='ocrx_word' id='word_1_59' title='bbox 1237 531 1399 575; x_wconf 84' lang='lat' dir='ltr'><strong>Auxilii</strong></span> <span class='ocrx_word' id='word_1_60' title='bbox 1429 529 1654 574; x_wconf 90' lang='lat' dir='ltr'><strong>retinenda</strong></span> <span class='ocrx_word' id='word_1_61' title='bbox 1682 543 1738 573; x_wconf 91' lang='lat' dir='ltr'><strong>an</strong></span> 
     </span>
     <span class='ocr_line' id='line_1_9' title="bbox 160 597 1739 655; baseline -0.001 -13"><span class='ocrx_word' id='word_1_62' title='bbox 160 621 174 626; x_wconf 27' lang='lat' dir='ltr'><em>w</em></span> <span class='ocrx_word' id='word_1_63' title='bbox 197 634 200 639; x_wconf 92' lang='lat'><strong>.</strong></span> <span class='ocrx_word' id='word_1_64' title='bbox 236 597 425 645; x_wconf 81' lang='lat' dir='ltr'><strong>&#39;delenda</strong></span> <span class='ocrx_word' id='word_1_65' title='bbox 454 601 539 644; x_wconf 89' lang='lat' dir='ltr'><strong>sint</strong></span> <span class='ocrx_word' id='word_1_66' title='bbox 569 614 623 645; x_wconf 88' lang='lat' dir='ltr'><strong>ea</strong></span> <span class='ocrx_word' id='word_1_67' title='bbox 652 600 707 645; x_wconf 92' lang='lat' dir='ltr'><strong>de</strong></span> <span class='ocrx_word' id='word_1_68' title='bbox 738 613 871 649; x_wconf 88' lang='lat' dir='ltr'><strong>causa</strong></span> <span class='ocrx_word' id='word_1_69' title='bbox 902 600 1153 644; x_wconf 78' lang='lat' dir='ltr'><strong>discernere</strong></span> <span class='ocrx_word' id='word_1_70' title='bbox 1176 613 1259 643; x_wconf 88' lang='lat' dir='ltr'><strong>non</strong></span> <span class='ocrx_word' id='word_1_71' title='bbox 1288 600 1390 644; x_wconf 90' lang='lat' dir='ltr'><strong>licet</strong></span> <span class='ocrx_word' id='word_1_72' title='bbox 1420 599 1535 655; x_wconf 89' lang='lat' dir='ltr'><strong>quod.</strong></span> <span class='ocrx_word' id='word_1_73' title='bbox 1564 598 1739 642; x_wconf 78' lang='lat' dir='ltr'><strong>fabulae</strong></span> 
     </span>
     <span class='ocr_line' id='line_1_10' title="bbox 170 667 1739 727; baseline -0.002 -14"><span class='ocrx_word' id='word_1_74' title='bbox 170 669 184 688; x_wconf 73' lang='lat'><em>³</em></span> <span class='ocrx_word' id='word_1_75' title='bbox 228 667 344 725; x_wconf 80' lang='lat' dir='ltr'><strong>quin</strong></span> <span class='ocrx_word' id='word_1_76' title='bbox 380 669 568 714; x_wconf 79' lang='lat' dir='ltr'><strong>sescenti</strong></span> <span class='ocrx_word' id='word_1_77' title='bbox 609 670 700 714; x_wconf 87' lang='lat' dir='ltr'><strong>fere</strong></span> <span class='ocrx_word' id='word_1_78' title='bbox 742 683 895 716; x_wconf 90' lang='lat' dir='ltr'><strong>versus</strong></span> <span class='ocrx_word' id='word_1_79' title='bbox 931 668 1139 727; x_wconf 88' lang='lat' dir='ltr'><strong>perierint</strong></span> <span class='ocrx_word' id='word_1_80' title='bbox 1180 669 1366 713; x_wconf 90' lang='lat' dir='ltr'><strong>dubitari</strong></span> <span class='ocrx_word' id='word_1_81' title='bbox 1405 668 1589 724; x_wconf 83' lang='lat' dir='ltr'><strong>nequit.“</strong></span> <span class='ocrx_word' id='word_1_82' title='bbox 1647 668 1739 711; x_wconf 86' lang='lat' dir='ltr'><strong>Nos</strong></span> 
     </span>
     <span class='ocr_line' id='line_1_11' title="bbox 236 736 1739 796; baseline -0.003 -14.202"><span class='ocrx_word' id='word_1_83' title='bbox 236 736 409 794; x_wconf 87' lang='lat' dir='ltr'><strong>quidem</strong></span> <span class='ocrx_word' id='word_1_84' title='bbox 448 738 556 783; x_wconf 82' lang='lat' dir='ltr'><strong>illud</strong></span> <span class='ocrx_word' id='word_1_85' title='bbox 597 742 762 783; x_wconf 83' lang='lat' dir='ltr'><strong>tantum</strong></span> <span class='ocrx_word' id='word_1_86' title='bbox 804 738 1075 796; x_wconf 88' lang='lat' dir='ltr'><strong>disputemus</strong></span> <span class='ocrx_word' id='word_1_87' title='bbox 1117 738 1221 795; x_wconf 88' lang='lat' dir='ltr'><strong>quid</strong></span> <span class='ocrx_word' id='word_1_88' title='bbox 1252 738 1335 782; x_wconf 90' lang='lat' dir='ltr'><strong>sibi</strong></span> <span class='ocrx_word' id='word_1_89' title='bbox 1376 738 1481 782; x_wconf 85' lang='lat' dir='ltr'><strong>velit</strong></span> <span class='ocrx_word' id='word_1_90' title='bbox 1521 736 1739 781; x_wconf 84' lang='lat' dir='ltr'><strong>Auxilium</strong></span> 
     </span>
     <span class='ocr_line' id='line_1_12' title="bbox 180 806 1740 865; baseline -0.001 -15"><span class='ocrx_word' id='word_1_91' title='bbox 180 837 181 840; x_wconf 18' lang='grc' dir='ltr'>η</span> <span class='ocrx_word' id='word_1_92' title='bbox 235 806 373 851; x_wconf 81' lang='lat' dir='ltr'><strong>deus?</strong></span> <span class='ocrx_word' id='word_1_93' title='bbox 404 821 503 851; x_wconf 89' lang='lat' dir='ltr'><strong>nam</strong></span> <span class='ocrx_word' id='word_1_94' title='bbox 534 808 729 852; x_wconf 81' lang='lat' dir='ltr'><strong>neutrius</strong></span> <span class='ocrx_word' id='word_1_95' title='bbox 759 808 930 865; x_wconf 84' lang='lat' dir='ltr'><strong>generis</strong></span> <span class='ocrx_word' id='word_1_96' title='bbox 961 808 1218 852; x_wconf 86' lang='lat' dir='ltr'><strong>vocabulum</strong></span> <span class='ocrx_word' id='word_1_97' title='bbox 1249 820 1479 865; x_wconf 80' lang='lat' dir='ltr'><strong>personam</strong></span> <span class='ocrx_word' id='word_1_98' title='bbox 1510 819 1667 864; x_wconf 77' lang='lat' dir='ltr'><strong>capere</strong></span> <span class='ocrx_word' id='word_1_99' title='bbox 1698 809 1740 849; x_wconf 90' lang='lat' dir='ltr'><strong>et</strong></span> 
     </span>
     <span class='ocr_line' id='line_1_13' title="bbox 149 869 1739 934; baseline 0 -16"><span class='ocrx_word' id='word_1_100' title='bbox 149 893 156 903; x_wconf 59' lang='lat'><strong><em>⁵</em></strong></span> <span class='ocrx_word' id='word_1_101' title='bbox 181 869 197 916; x_wconf 68' lang='lat' dir='ltr'>ff</span> <span class='ocrx_word' id='word_1_102' title='bbox 230 872 373 919; x_wconf 85' lang='lat' dir='ltr'><strong>divini</strong></span> <span class='ocrx_word' id='word_1_103' title='bbox 404 875 592 933; x_wconf 33' lang='lat' dir='ltr'><strong>honoris,</strong></span> <span class='ocrx_word' id='word_1_104' title='bbox 611 877 829 934; x_wconf 80' lang='lat' dir='ltr'><strong>particeps</strong></span> <span class='ocrx_word' id='word_1_105' title='bbox 852 876 945 922; x_wconf 88' lang='lat' dir='ltr'><strong>fieri</strong></span> <span class='ocrx_word' id='word_1_106' title='bbox 987 877 1057 921; x_wconf 83' lang='lat' dir='ltr'><strong>vel</strong></span> <span class='ocrx_word' id='word_1_107' title='bbox 1087 876 1215 921; x_wconf 91' lang='lat' dir='ltr'><strong>deum</strong></span> <span class='ocrx_word' id='word_1_108' title='bbox 1244 875 1457 920; x_wconf 90' lang='lat' dir='ltr'><strong>nominari</strong></span> <span class='ocrx_word' id='word_1_109' title='bbox 1496 874 1617 919; x_wconf 88' lang='lat' dir='ltr'><strong>nobis</strong></span> <span class='ocrx_word' id='word_1_110' title='bbox 1649 888 1739 930; x_wconf 87' lang='lat' dir='ltr'><strong>per-</strong></span> 
     </span>
     <span class='ocr_line' id='line_1_14' title="bbox 234 943 1739 1003; baseline 0.001 -16"><span class='ocrx_word' id='word_1_111' title='bbox 234 943 388 988; x_wconf 89' lang='lat' dir='ltr'><strong>mirum</strong></span> <span class='ocrx_word' id='word_1_112' title='bbox 418 944 588 989; x_wconf 87' lang='lat' dir='ltr'><strong>videtur</strong></span> <span class='ocrx_word' id='word_1_113' title='bbox 624 947 693 1003; x_wconf 87' lang='lat' dir='ltr'><strong>(cf.</strong></span> <span class='ocrx_word' id='word_1_114' title='bbox 730 946 894 990; x_wconf 82' lang='lat' dir='ltr'><strong>Grimm</strong></span> <span class='ocrx_word' id='word_1_115' title='bbox 931 947 958 990; x_wconf 89' lang='lat' dir='ltr'><strong>l.</strong></span> <span class='ocrx_word' id='word_1_116' title='bbox 988 946 1014 990; x_wconf 86' lang='lat' dir='ltr'><strong>i.</strong></span> <span class='ocrx_word' id='word_1_117' title='bbox 1043 961 1084 1003; x_wconf 90' lang='lat' dir='ltr'><strong>p.</strong></span> <span class='ocrx_word' id='word_1_118' title='bbox 1115 948 1212 990; x_wconf 82' lang='lat'><strong>838.</strong></span> <span class='ocrx_word' id='word_1_119' title='bbox 1248 945 1350 1002; x_wconf 82' lang='lat'>851)</span> <span class='ocrx_word' id='word_1_120' title='bbox 1393 959 1472 989; x_wconf 90' lang='lat' dir='ltr'><strong>nec</strong></span> <span class='ocrx_word' id='word_1_121' title='bbox 1508 943 1627 1001; x_wconf 87' lang='lat' dir='ltr'><strong>apud</strong></span> <span class='ocrx_word' id='word_1_122' title='bbox 1657 944 1739 988; x_wconf 88' lang='lat' dir='ltr'><strong>Ro-</strong></span> 
     </span>
     <span class='ocr_line' id='line_1_15' title="bbox 233 1012 1738 1071; baseline 0 -14"><span class='ocrx_word' id='word_1_123' title='bbox 233 1024 387 1057; x_wconf 82' lang='lat' dir='ltr'><strong>manos</strong></span> <span class='ocrx_word' id='word_1_124' title='bbox 417 1016 464 1057; x_wconf 93' lang='lat' dir='ltr'><strong>ut</strong></span> <span class='ocrx_word' id='word_1_125' title='bbox 493 1015 739 1071; x_wconf 88' lang='lat' dir='ltr'><strong>exemplum</strong></span> <span class='ocrx_word' id='word_1_126' title='bbox 771 1015 951 1059; x_wconf 87' lang='lat' dir='ltr'><strong>afferam</strong></span> <span class='ocrx_word' id='word_1_127' title='bbox 981 1014 1119 1059; x_wconf 88' lang='lat' dir='ltr'><strong>fatum</strong></span> <span class='ocrx_word' id='word_1_128' title='bbox 1149 1014 1230 1060; x_wconf 90' lang='lat' dir='ltr'><strong>sed</strong></span> <span class='ocrx_word' id='word_1_129' title='bbox 1259 1015 1375 1057; x_wconf 89' lang='lat' dir='ltr'><strong>fatus</strong></span> <span class='ocrx_word' id='word_1_130' title='bbox 1405 1015 1498 1057; x_wconf 88' lang='lat' dir='ltr'><strong>fata</strong></span> <span class='ocrx_word' id='word_1_131' title='bbox 1517 1013 1597 1057; x_wconf 88' lang='lat' dir='ltr'><strong>fati</strong></span> <span class='ocrx_word' id='word_1_132' title='bbox 1618 1012 1738 1057; x_wconf 88' lang='lat' dir='ltr'><strong>fatae</strong></span> 
     </span>
     <span class='ocr_line' id='line_1_16' title="bbox 226 1081 1737 1142; baseline 0 -17"><span class='ocrx_word' id='word_1_133' title='bbox 226 1081 277 1126; x_wconf 79' lang='lat' dir='ltr'><strong>in</strong></span> <span class='ocrx_word' id='word_1_134' title='bbox 307 1081 660 1142; x_wconf 75' lang='lat' dir='ltr'><strong>inscriptionibus</strong></span> <span class='ocrx_word' id='word_1_135' title='bbox 690 1084 962 1142; x_wconf 85' lang='lat' dir='ltr'><strong>reperiuntur</strong></span> <span class='ocrx_word' id='word_1_136' title='bbox 993 1110 1046 1115; x_wconf 90' lang='lat'><strong>—-</strong></span> <span class='ocrx_word' id='word_1_137' title='bbox 1078 1083 1179 1129; x_wconf 87' lang='lat' dir='ltr'><strong>vide</strong></span> <span class='ocrx_word' id='word_1_138' title='bbox 1209 1083 1373 1128; x_wconf 87' lang='lat' dir='ltr'><strong>Preller</strong></span> <span class='ocrx_word' id='word_1_139' title='bbox 1410 1099 1452 1140; x_wconf 89' lang='lat' dir='ltr'><strong>p.</strong></span> <span class='ocrx_word' id='word_1_140' title='bbox 1485 1082 1587 1138; x_wconf 78' lang='lat'>5653</span> <span class='ocrx_word' id='word_1_141' title='bbox 1630 1096 1737 1126; x_wconf 91' lang='lat' dir='ltr'><strong>mus.</strong></span> 
     </span>
     <span class='ocr_line' id='line_1_17' title="bbox 116 1149 1737 1209; baseline 0 -15"><span class='ocrx_word' id='word_1_142' title='bbox 116 1180 118 1183; x_wconf 91' lang='lat'><em>-</em></span> <span class='ocrx_word' id='word_1_143' title='bbox 232 1149 351 1195; x_wconf 83' lang='lat' dir='ltr'><strong>rhen.</strong></span> <span class='ocrx_word' id='word_1_144' title='bbox 382 1151 465 1196; x_wconf 84' lang='lat' dir='ltr'><strong>vol.</strong></span> <span class='ocrx_word' id='word_1_145' title='bbox 495 1153 561 1196; x_wconf 81' lang='lat'><strong>27.</strong></span> <span class='ocrx_word' id='word_1_146' title='bbox 593 1153 676 1196; x_wconf 81' lang='lat'><strong>132</strong></span> <span class='ocrx_word' id='word_1_147' title='bbox 707 1166 769 1209; x_wconf 87' lang='lat' dir='ltr'><strong>sq.</strong></span> <span class='ocrx_word' id='word_1_148' title='bbox 792 1177 843 1184; x_wconf 85' lang='lat'><em>-</em></span> <span class='ocrx_word' id='word_1_149' title='bbox 866 1152 1150 1209; x_wconf 82' lang='lat' dir='ltr'><strong>similiterque</strong></span> <span class='ocrx_word' id='word_1_150' title='bbox 1170 1165 1255 1196; x_wconf 89' lang='lat' dir='ltr'><strong>non</strong></span> <span class='ocrx_word' id='word_1_151' title='bbox 1278 1151 1454 1196; x_wconf 87' lang='lat' dir='ltr'><strong>Caelum</strong></span> <span class='ocrx_word' id='word_1_152' title='bbox 1478 1151 1555 1196; x_wconf 90' lang='lat' dir='ltr'><strong>sed</strong></span> <span class='ocrx_word' id='word_1_153' title='bbox 1578 1151 1737 1195; x_wconf 86' lang='lat' dir='ltr'><strong>Caelus</strong></span> 
     </span>
     <span class='ocr_line' id='line_1_18' title="bbox 96 1219 1735 1279; baseline -0.001 -16"><span class='ocrx_word' id='word_1_154' title='bbox 96 1233 100 1235; x_wconf 88' lang='grc'><em>·</em></span> <span class='ocrx_word' id='word_1_155' title='bbox 162 1263 164 1266; x_wconf 81' lang='grc'><strong>,</strong></span> <span class='ocrx_word' id='word_1_156' title='bbox 235 1219 456 1264; x_wconf 85' lang='lat' dir='ltr'><strong>colebatur</strong></span> <span class='ocrx_word' id='word_1_157' title='bbox 485 1224 531 1263; x_wconf 91' lang='lat' dir='ltr'><strong>ut</strong></span> <span class='ocrx_word' id='word_1_158' title='bbox 562 1225 628 1265; x_wconf 92' lang='lat' dir='ltr'><strong>est</strong></span> <span class='ocrx_word' id='word_1_159' title='bbox 658 1222 701 1264; x_wconf 89' lang='lat' dir='ltr'><strong>in</strong></span> <span class='ocrx_word' id='word_1_160' title='bbox 732 1221 777 1265; x_wconf 81' lang='lat' dir='ltr'><strong>G.</strong></span> <span class='ocrx_word' id='word_1_161' title='bbox 808 1223 840 1266; x_wconf 93' lang='lat' dir='ltr'><strong>I.</strong></span> <span class='ocrx_word' id='word_1_162' title='bbox 861 1222 907 1266; x_wconf 92' lang='lat' dir='ltr'><strong>L.</strong></span> <span class='ocrx_word' id='word_1_163' title='bbox 928 1221 990 1265; x_wconf 93' lang='lat' dir='ltr'><strong>VI</strong></span> <span class='ocrx_word' id='word_1_164' title='bbox 1010 1224 1063 1265; x_wconf 84' lang='lat'><strong>81</strong></span> <span class='ocrx_word' id='word_1_165' title='bbox 1096 1221 1181 1279; x_wconf 88' lang='lat'>(83.</span> <span class='ocrx_word' id='word_1_166' title='bbox 1204 1221 1294 1278; x_wconf 85' lang='lat'>84):</span> <span class='ocrx_word' id='word_1_167' title='bbox 1326 1220 1567 1276; x_wconf 85' lang='lat' dir='ltr'><strong>„Optumus</strong></span> <span class='ocrx_word' id='word_1_168' title='bbox 1589 1221 1735 1263; x_wconf 87' lang='lat' dir='ltr'><strong>Maxu-</strong></span> 
     </span>
     <span class='ocr_line' id='line_1_19' title="bbox 203 1287 1736 1352; baseline 0.002 -22"><span class='ocrx_word' id='word_1_169' title='bbox 203 1347 207 1352; x_wconf 17' lang='lat'>*</span> <span class='ocrx_word' id='word_1_170' title='bbox 233 1302 328 1331; x_wconf 90' lang='lat' dir='ltr'><strong>mus</strong></span> <span class='ocrx_word' id='word_1_171' title='bbox 358 1287 514 1333; x_wconf 81' lang='lat' dir='ltr'><strong>Caelus</strong></span> <span class='ocrx_word' id='word_1_172' title='bbox 543 1290 746 1333; x_wconf 85' lang='lat' dir='ltr'><strong>aeternus</strong></span> <span class='ocrx_word' id='word_1_173' title='bbox 776 1290 977 1348; x_wconf 82' lang='lat' dir='ltr'><strong>Iupiter.“</strong></span> <span class='ocrx_word' id='word_1_174' title='bbox 1020 1290 1310 1334; x_wconf 80' lang='lat' dir='ltr'><strong>Tertullianus</strong></span> <span class='ocrx_word' id='word_1_175' title='bbox 1342 1293 1487 1333; x_wconf 92' lang='lat' dir='ltr'><strong>autem</strong></span> <span class='ocrx_word' id='word_1_176' title='bbox 1516 1289 1615 1332; x_wconf 89' lang='lat' dir='ltr'><strong>adv.</strong></span> <span class='ocrx_word' id='word_1_177' title='bbox 1648 1292 1736 1333; x_wconf 89' lang='lat' dir='ltr'><strong>nat.</strong></span> 
     </span>
     <span class='ocr_line' id='line_1_20' title="bbox 233 1356 1734 1414; baseline 0.001 -15"><span class='ocrx_word' id='word_1_178' title='bbox 233 1356 289 1400; x_wconf 89' lang='grc' dir='ltr'><strong>ΙΙ.</strong></span> <span class='ocrx_word' id='word_1_179' title='bbox 311 1357 363 1399; x_wconf 81' lang='grc'><strong>12</strong></span> <span class='ocrx_word' id='word_1_180' title='bbox 386 1356 506 1401; x_wconf 87' lang='lat' dir='ltr'><strong>dicit:</strong></span> <span class='ocrx_word' id='word_1_181' title='bbox 538 1358 748 1414; x_wconf 84' lang='lat' dir='ltr'><strong>„legimus</strong></span> <span class='ocrx_word' id='word_1_182' title='bbox 770 1358 947 1403; x_wconf 81' lang='lat' dir='ltr'><strong>Caelum</strong></span> <span class='ocrx_word' id='word_1_183' title='bbox 968 1359 1195 1402; x_wconf 76' lang='lat' dir='ltr'><strong>masculini</strong></span> <span class='ocrx_word' id='word_1_184' title='bbox 1223 1357 1432 1414; x_wconf 81' lang='lat' dir='ltr'><strong>generis.“</strong></span> <span class='ocrx_word' id='word_1_185' title='bbox 1479 1357 1568 1402; x_wconf 85' lang='lat' dir='ltr'><strong>Sed</strong></span> <span class='ocrx_word' id='word_1_186' title='bbox 1588 1361 1734 1402; x_wconf 85' lang='lat' dir='ltr'><strong>tamen</strong></span> 
     </span>
     <span class='ocr_line' id='line_1_21' title="bbox 232 1425 1735 1484; baseline 0.001 -15"><span class='ocrx_word' id='word_1_187' title='bbox 232 1425 341 1469; x_wconf 85' lang='lat' dir='ltr'><strong>Fata</strong></span> <span class='ocrx_word' id='word_1_188' title='bbox 370 1425 415 1469; x_wconf 89' lang='lat' dir='ltr'><strong>in</strong></span> <span class='ocrx_word' id='word_1_189' title='bbox 444 1426 600 1483; x_wconf 87' lang='lat' dir='ltr'><strong>plurali</strong></span> <span class='ocrx_word' id='word_1_190' title='bbox 630 1441 806 1472; x_wconf 85' lang='lat' dir='ltr'><strong>numero</strong></span> <span class='ocrx_word' id='word_1_191' title='bbox 836 1427 987 1484; x_wconf 84' lang='lat' dir='ltr'><strong>negari</strong></span> <span class='ocrx_word' id='word_1_192' title='bbox 1016 1441 1099 1471; x_wconf 91' lang='lat' dir='ltr'><strong>non</strong></span> <span class='ocrx_word' id='word_1_193' title='bbox 1132 1430 1273 1484; x_wconf 87' lang='lat' dir='ltr'><strong>potest</strong></span> <span class='ocrx_word' id='word_1_194' title='bbox 1308 1427 1352 1470; x_wconf 90' lang='lat' dir='ltr'><strong>in</strong></span> <span class='ocrx_word' id='word_1_195' title='bbox 1389 1439 1597 1483; x_wconf 84' lang='lat' dir='ltr'><strong>personas</strong></span> <span class='ocrx_word' id='word_1_196' title='bbox 1637 1439 1735 1470; x_wconf 91' lang='lat' dir='ltr'><strong>con-</strong></span> 
     </span>
     <span class='ocr_line' id='line_1_22' title="bbox 221 1493 1736 1553; baseline 0.001 -17"><span class='ocrx_word' id='word_1_197' title='bbox 221 1493 382 1537; x_wconf 88' lang='lat' dir='ltr'><strong>stituta</strong></span> <span class='ocrx_word' id='word_1_198' title='bbox 425 1507 522 1538; x_wconf 89' lang='lat' dir='ltr'><strong>esse</strong></span> <span class='ocrx_word' id='word_1_199' title='bbox 552 1494 598 1539; x_wconf 90' lang='lat' dir='ltr'><strong>id</strong></span> <span class='ocrx_word' id='word_1_200' title='bbox 640 1496 756 1552; x_wconf 87' lang='lat' dir='ltr'><strong>quod.</strong></span> <span class='ocrx_word' id='word_1_201' title='bbox 785 1509 871 1540; x_wconf 91' lang='lat' dir='ltr'><strong>non</strong></span> <span class='ocrx_word' id='word_1_202' title='bbox 901 1496 1039 1540; x_wconf 90' lang='lat' dir='ltr'><strong>solum</strong></span> <span class='ocrx_word' id='word_1_203' title='bbox 1073 1497 1210 1550; x_wconf 85' lang='lat' dir='ltr'><strong>„Fata</strong></span> <span class='ocrx_word' id='word_1_204' title='bbox 1240 1495 1507 1540; x_wconf 80' lang='lat' dir='ltr'><strong>Scribunda⁴⁴</strong></span> <span class='ocrx_word' id='word_1_205' title='bbox 1540 1509 1736 1553; x_wconf 87' lang='lat' dir='ltr'><strong>compro-</strong></span> 
     </span>
     <span class='ocr_line' id='line_1_23' title="bbox 233 1562 1735 1622; baseline 0.001 -16"><span class='ocrx_word' id='word_1_206' title='bbox 233 1562 352 1619; x_wconf 86' lang='lat' dir='ltr'><strong>bant,</strong></span> <span class='ocrx_word' id='word_1_207' title='bbox 381 1572 537 1607; x_wconf 88' lang='lat' dir='ltr'><strong>nomen</strong></span> <span class='ocrx_word' id='word_1_208' title='bbox 567 1563 675 1608; x_wconf 88' lang='lat' dir='ltr'><strong>illud</strong></span> <span class='ocrx_word' id='word_1_209' title='bbox 704 1568 832 1609; x_wconf 86' lang='lat' dir='ltr'><strong>vetus</strong></span> <span class='ocrx_word' id='word_1_210' title='bbox 850 1578 928 1622; x_wconf 90' lang='lat' dir='ltr'><strong>pro</strong></span> <span class='ocrx_word' id='word_1_211' title='bbox 961 1565 1126 1609; x_wconf 89' lang='lat' dir='ltr'><strong>deabus</strong></span> <span class='ocrx_word' id='word_1_212' title='bbox 1148 1564 1447 1609; x_wconf 84' lang='lat' dir='ltr'><strong>Carmentibus</strong></span> <span class='ocrx_word' id='word_1_213' title='bbox 1468 1567 1735 1622; x_wconf 87' lang='lat' dir='ltr'><strong>usurpatum,</strong></span> 
     </span>
     <span class='ocr_line' id='line_1_24' title="bbox 0 1629 1734 1699; baseline 0.003 -26"><span class='ocrx_word' id='word_1_214' title='bbox 0 1650 31 1699; x_wconf 42' lang='lat' dir='ltr'><strong>g„</strong></span> <span class='ocrx_word' id='word_1_215' title='bbox 219 1631 311 1675; x_wconf 71' lang='lat' dir='ltr'><strong>sed</strong></span> <span class='ocrx_word' id='word_1_216' title='bbox 340 1631 469 1675; x_wconf 86' lang='lat' dir='ltr'><strong>etiam</strong></span> <span class='ocrx_word' id='word_1_217' title='bbox 501 1632 607 1676; x_wconf 87' lang='lat' dir='ltr'><strong>Stat.</strong></span> <span class='ocrx_word' id='word_1_218' title='bbox 638 1629 772 1678; x_wconf 82' lang='lat' dir='ltr'><strong>Theb.</strong></span> <span class='ocrx_word' id='word_1_219' title='bbox 803 1636 842 1678; x_wconf 87' lang='grc'><strong>8.</strong></span> <span class='ocrx_word' id='word_1_220' title='bbox 872 1636 945 1677; x_wconf 82' lang='lat'><strong>26:</strong></span> <span class='ocrx_word' id='word_1_221' title='bbox 976 1635 1114 1688; x_wconf 86' lang='lat' dir='ltr'><strong>„Fata</strong></span> <span class='ocrx_word' id='word_1_222' title='bbox 1142 1634 1287 1679; x_wconf 90' lang='lat' dir='ltr'><strong>ferunt</strong></span> <span class='ocrx_word' id='word_1_223' title='bbox 1316 1634 1486 1678; x_wconf 86' lang='lat' dir='ltr'><strong>animas</strong></span> <span class='ocrx_word' id='word_1_224' title='bbox 1506 1637 1550 1678; x_wconf 89' lang='lat' dir='ltr'><strong>et</strong></span> <span class='ocrx_word' id='word_1_225' title='bbox 1580 1634 1734 1679; x_wconf 89' lang='lat' dir='ltr'><strong>eodem</strong></span> 
     </span>
     <span class='ocr_line' id='line_1_25' title="bbox 0 1699 1735 1759; baseline 0.003 -17"><span class='ocrx_word' id='word_1_226' title='bbox 0 1706 31 1736; x_wconf 51' lang='lat' dir='ltr'><strong>“a</strong></span> <span class='ocrx_word' id='word_1_227' title='bbox 230 1699 388 1756; x_wconf 87' lang='lat' dir='ltr'><strong>pollice</strong></span> <span class='ocrx_word' id='word_1_228' title='bbox 429 1699 677 1747; x_wconf 85' lang='lat' dir='ltr'><strong>damnant.“</strong></span> <span class='ocrx_word' id='word_1_229' title='bbox 738 1702 882 1755; x_wconf 81' lang='lat' dir='ltr'><strong>Quare</strong></span> <span class='ocrx_word' id='word_1_230' title='bbox 925 1704 1104 1747; x_wconf 87' lang='lat' dir='ltr'><strong>Plautus</strong></span> <span class='ocrx_word' id='word_1_231' title='bbox 1146 1718 1174 1746; x_wconf 90' lang='lat' dir='ltr'><strong>a</strong></span> <span class='ocrx_word' id='word_1_232' title='bbox 1215 1702 1525 1748; x_wconf 89' lang='lat' dir='ltr'><strong>consuetudine</strong></span> <span class='ocrx_word' id='word_1_233' title='bbox 1567 1703 1735 1759; x_wconf 86' lang='lat' dir='ltr'><strong>volgari</strong></span> 
     </span>
     <span class='ocr_line' id='line_1_26' title="bbox 0 1727 1736 1830; baseline 0.004 -20"><span class='ocrx_word' id='word_1_234' title='bbox 0 1727 36 1817; x_wconf 54' lang='grc' dir='ltr'>ἓ</span> <span class='ocrx_word' id='word_1_235' title='bbox 232 1782 318 1811; x_wconf 83' lang='grc'>11011</span> <span class='ocrx_word' id='word_1_236' title='bbox 349 1768 479 1826; x_wconf 87' lang='lat' dir='ltr'><strong>plane</strong></span> <span class='ocrx_word' id='word_1_237' title='bbox 509 1769 700 1827; x_wconf 86' lang='lat' dir='ltr'><strong>recessit,</strong></span> <span class='ocrx_word' id='word_1_238' title='bbox 731 1770 768 1814; x_wconf 88' lang='lat' dir='ltr'><strong>si</strong></span> <span class='ocrx_word' id='word_1_239' title='bbox 799 1770 1067 1816; x_wconf 87' lang='lat' dir='ltr'><strong>substantivo</strong></span> <span class='ocrx_word' id='word_1_240' title='bbox 1089 1771 1259 1828; x_wconf 87' lang='lat' dir='ltr'><strong>generis</strong></span> <span class='ocrx_word' id='word_1_241' title='bbox 1278 1772 1471 1816; x_wconf 88' lang='lat' dir='ltr'><strong>neutrius</strong></span> <span class='ocrx_word' id='word_1_242' title='bbox 1494 1771 1565 1816; x_wconf 88' lang='lat' dir='ltr'><strong>dei</strong></span> <span class='ocrx_word' id='word_1_243' title='bbox 1586 1778 1736 1830; x_wconf 90' lang='lat' dir='ltr'><strong>partes</strong></span> 
     </span>
     <span class='ocr_line' id='line_1_27' title="bbox 0 1830 726 1894; baseline 0.001 -14"><span class='ocrx_word' id='word_1_244' title='bbox 0 1830 39 1894; x_wconf 57' lang='grc' dir='ltr'><strong>ἕξ</strong></span> <span class='ocrx_word' id='word_1_245' title='bbox 186 1851 190 1856; x_wconf 75' lang='grc'><strong>’</strong></span> <span class='ocrx_word' id='word_1_246' title='bbox 229 1834 482 1892; x_wconf 82' lang='lat' dir='ltr'><strong>assignavit.</strong></span> <span class='ocrx_word' id='word_1_247' title='bbox 723 1876 726 1881; x_wconf 84' lang='grc'><em>,</em></span> 
     </span>
     <span class='ocr_line' id='line_1_28' title="bbox 0 1884 1737 2033; baseline 0.008 -92"><span class='ocrx_word' id='word_1_248' title='bbox 0 1884 72 1988; x_wconf 58' lang='grc' dir='ltr'>Ξ</span> <span class='ocrx_word' id='word_1_249' title='bbox 98 1983 101 1987; x_wconf 18' lang='lat'><em>4</em></span> <span class='ocrx_word' id='word_1_250' title='bbox 230 1905 561 2018; x_wconf 50' lang='lat' dir='ltr'><strong>veraSertlzpentug</strong></span> <span class='ocrx_word' id='word_1_251' title='bbox 586 1907 863 2019; x_wconf 51' lang='lat' dir='ltr'><strong>quafglipnes</strong></span> <span class='ocrx_word' id='word_1_252' title='bbox 886 1909 1124 2021; x_wconf 42' lang='lat' dir='ltr'><strong>l1¹1011Jmutlilae</strong></span> <span class='ocrx_word' id='word_1_253' title='bbox 1155 1908 1423 2033; x_wconf 51' lang='lat' dir='ltr'><strong>degge{cu¹e</strong></span> <span class='ocrx_word' id='word_1_254' title='bbox 1454 1910 1527 1966; x_wconf 91' lang='lat' dir='ltr'><strong>qui</strong></span> <span class='ocrx_word' id='word_1_255' title='bbox 1558 1911 1640 1955; x_wconf 91' lang='lat' dir='ltr'><strong>etsi</strong></span> <span class='ocrx_word' id='word_1_256' title='bbox 1670 1925 1737 2023; x_wconf 43' lang='lat' dir='ltr'><strong>red:</strong></span> 
     </span>
     <span class='ocr_line' id='line_1_29' title="bbox 361 1988 1705 2023; baseline 0.004 -5.534"><span class='ocrx_word' id='word_1_257' title='bbox 361 1988 391 2016; x_wconf 74' lang='lat'><strong>.1</strong></span> <span class='ocrx_word' id='word_1_258' title='bbox 469 1988 491 2016; x_wconf 90' lang='lat' dir='ltr'><strong>r</strong></span> <span class='ocrx_word' id='word_1_259' title='bbox 563 1988 641 2019; x_wconf 87' lang='lat' dir='ltr'><strong>eos</strong></span> <span class='ocrx_word' id='word_1_260' title='bbox 753 1990 844 2020; x_wconf 77' lang='lat' dir='ltr'><strong>lcos</strong></span> <span class='ocrx_word' id='word_1_261' title='bbox 918 1991 944 2020; x_wconf 90' lang='lat' dir='ltr'><strong>a</strong></span> <span class='ocrx_word' id='word_1_262' title='bbox 976 1990 1031 2021; x_wconf 87' lang='lat' dir='ltr'><strong>en</strong></span> <span class='ocrx_word' id='word_1_263' title='bbox 1063 1992 1113 2021; x_wconf 87' lang='lat' dir='ltr'><strong>us</strong></span> <span class='ocrx_word' id='word_1_264' title='bbox 1155 1991 1202 2022; x_wconf 89' lang='lat' dir='ltr'><strong>es</strong></span> <span class='ocrx_word' id='word_1_265' title='bbox 1328 1992 1455 2022; x_wconf 91' lang='lat' dir='ltr'><strong>amen</strong></span> <span class='ocrx_word' id='word_1_266' title='bbox 1492 1992 1588 2022; x_wconf 91' lang='lat' dir='ltr'><strong>cum</strong></span> <span class='ocrx_word' id='word_1_267' title='bbox 1617 1993 1646 2023; x_wconf 87' lang='lat' dir='ltr'><strong>a</strong></span> <span class='ocrx_word' id='word_1_268' title='bbox 1678 1994 1705 2023; x_wconf 94' lang='lat' dir='ltr'><strong>u</strong></span> 
     </span>
     <span class='ocr_line' id='line_1_30' title="bbox 0 1992 1735 2108; baseline 0.006 -25"><span class='ocrx_word' id='word_1_269' title='bbox 0 1992 74 2108; x_wconf 57' lang='grc' dir='ltr'><em>ἓ</em></span> <span class='ocrx_word' id='word_1_270' title='bbox 231 2041 435 2085; x_wconf 86' lang='lat' dir='ltr'><strong>Plautum</strong></span> <span class='ocrx_word' id='word_1_271' title='bbox 466 2042 802 2100; x_wconf 85' lang='lat' dir='ltr'><strong>Terentiumque</strong></span> <span class='ocrx_word' id='word_1_272' title='bbox 840 2045 980 2101; x_wconf 84' lang='lat' dir='ltr'><strong>magis</strong></span> <span class='ocrx_word' id='word_1_273' title='bbox 1010 2051 1058 2090; x_wconf 92' lang='lat' dir='ltr'><strong>ut</strong></span> <span class='ocrx_word' id='word_1_274' title='bbox 1099 2046 1230 2091; x_wconf 89' lang='lat' dir='ltr'><strong>heros</strong></span> <span class='ocrx_word' id='word_1_275' title='bbox 1264 2052 1478 2104; x_wconf 87' lang='lat' dir='ltr'><strong>appareat</strong></span> <span class='ocrx_word' id='word_1_276' title='bbox 1519 1995 1735 2093; x_wconf 51' lang='lat' dir='ltr'><strong>nemiffiem</strong></span> 
     </span>
     <span class='ocr_line' id='line_1_31' title="bbox 0 2104 1734 2177; baseline 0.005 -24"><span class='ocrx_word' id='word_1_277' title='bbox 0 2104 24 2177; x_wconf 56' lang='grc' dir='ltr'>ζ</span> <span class='ocrx_word' id='word_1_278' title='bbox 159 2108 161 2110; x_wconf 67' lang='grc'><strong><em>’</em></strong></span> <span class='ocrx_word' id='word_1_279' title='bbox 190 2124 367 2168; x_wconf 80' lang='lat' dir='ltr'><strong>-aegre</strong></span> <span class='ocrx_word' id='word_1_280' title='bbox 397 2111 584 2155; x_wconf 88' lang='lat' dir='ltr'><strong>laturum</strong></span> <span class='ocrx_word' id='word_1_281' title='bbox 616 2125 712 2157; x_wconf 91' lang='lat' dir='ltr'><strong>esse</strong></span> <span class='ocrx_word' id='word_1_282' title='bbox 744 2125 870 2172; x_wconf 88' lang='lat' dir='ltr'><strong>spero</strong></span> <span class='ocrx_word' id='word_1_283' title='bbox 909 2114 1023 2171; x_wconf 91' lang='lat' dir='ltr'><strong>quod</strong></span> <span class='ocrx_word' id='word_1_284' title='bbox 1060 2115 1141 2160; x_wconf 90' lang='lat' dir='ltr'><strong>hoc</strong></span> <span class='ocrx_word' id='word_1_285' title='bbox 1172 2116 1265 2160; x_wconf 92' lang='lat' dir='ltr'><strong>loco</strong></span> <span class='ocrx_word' id='word_1_286' title='bbox 1296 2120 1395 2174; x_wconf 92' lang='lat' dir='ltr'><strong>post</strong></span> <span class='ocrx_word' id='word_1_287' title='bbox 1431 2121 1599 2162; x_wconf 87' lang='lat' dir='ltr'><strong>ceteros</strong></span> <span class='ocrx_word' id='word_1_288' title='bbox 1629 2117 1734 2162; x_wconf 90' lang='lat' dir='ltr'><strong>deos</strong></span> 
     </span>
     <span class='ocr_line' id='line_1_32' title="bbox 0 2183 1734 2244; baseline 0.006 -22"><span class='ocrx_word' id='word_1_289' title='bbox 0 2199 27 2241; x_wconf 61' lang='lat' dir='ltr'><strong>ii</strong></span> <span class='ocrx_word' id='word_1_290' title='bbox 229 2184 451 2227; x_wconf 81' lang='lat' dir='ltr'><strong>tractatur.</strong></span> <span class='ocrx_word' id='word_1_291' title='bbox 522 2183 665 2238; x_wconf 87' lang='lat' dir='ltr'><strong>Atque</strong></span> <span class='ocrx_word' id='word_1_292' title='bbox 708 2186 891 2240; x_wconf 77' lang='lat' dir='ltr'><strong>primum</strong></span> <span class='ocrx_word' id='word_1_293' title='bbox 933 2184 1109 2241; x_wconf 89' lang='lat' dir='ltr'><strong>quidem</strong></span> <span class='ocrx_word' id='word_1_294' title='bbox 1160 2191 1337 2244; x_wconf 89' lang='lat' dir='ltr'><strong>propter</strong></span> <span class='ocrx_word' id='word_1_295' title='bbox 1379 2188 1540 2232; x_wconf 87' lang='lat' dir='ltr'><strong>Persae</strong></span> <span class='ocrx_word' id='word_1_296' title='bbox 1582 2202 1734 2233; x_wconf 87' lang='lat' dir='ltr'><strong>versus</strong></span> 
     </span>
     <span class='ocr_line' id='line_1_33' title="bbox 0 2249 1733 2313; baseline 0.006 -22"><span class='ocrx_word' id='word_1_297' title='bbox 0 2268 14 2306; x_wconf 59' lang='lat' dir='ltr'>g</span> <span class='ocrx_word' id='word_1_298' title='bbox 169 2307 172 2311; x_wconf 88' lang='lat'><strong>.</strong></span> <span class='ocrx_word' id='word_1_299' title='bbox 230 2249 360 2294; x_wconf 73' lang='lat'>1——42</span> <span class='ocrx_word' id='word_1_300' title='bbox 406 2249 516 2304; x_wconf 85' lang='lat' dir='ltr'><strong>„Qui</strong></span> <span class='ocrx_word' id='word_1_301' title='bbox 548 2257 701 2296; x_wconf 87' lang='lat' dir='ltr'><strong>amans</strong></span> <span class='ocrx_word' id='word_1_302' title='bbox 732 2265 865 2309; x_wconf 86' lang='lat' dir='ltr'><strong>egens</strong></span> <span class='ocrx_word' id='word_1_303' title='bbox 895 2254 1114 2311; x_wconf 83' lang='lat' dir='ltr'><strong>ingressus</strong></span> <span class='ocrx_word' id='word_1_304' title='bbox 1152 2260 1219 2299; x_wconf 92' lang='lat' dir='ltr'><strong>est</strong></span> <span class='ocrx_word' id='word_1_305' title='bbox 1254 2255 1457 2313; x_wconf 89' lang='lat' dir='ltr'><strong>princeps</strong></span> <span class='ocrx_word' id='word_1_306' title='bbox 1488 2258 1659 2301; x_wconf 90' lang='lat' dir='ltr'><strong>Amoris</strong></span> <span class='ocrx_word' id='word_1_307' title='bbox 1688 2258 1733 2301; x_wconf 91' lang='lat' dir='ltr'><strong>in</strong></span> 
     </span>
     <span class='ocr_line' id='line_1_34' title="bbox 0 2304 1733 2382; baseline 0.006 -20"><span class='ocrx_word' id='word_1_308' title='bbox 0 2304 45 2382; x_wconf 54' lang='grc' dir='ltr'><strong>ἒξ</strong></span> <span class='ocrx_word' id='word_1_309' title='bbox 228 2319 337 2377; x_wconf 82' lang='lat' dir='ltr'><strong>vias,</strong></span> <span class='ocrx_word' id='word_1_310' title='bbox 357 2319 592 2378; x_wconf 87' lang='lat' dir='ltr'><strong>Superavit</strong></span> <span class='ocrx_word' id='word_1_311' title='bbox 612 2323 830 2367; x_wconf 88' lang='lat' dir='ltr'><strong>aerumnis</strong></span> <span class='ocrx_word' id='word_1_312' title='bbox 852 2324 942 2369; x_wconf 88' lang='lat' dir='ltr'><strong>suis</strong></span> <span class='ocrx_word' id='word_1_313' title='bbox 971 2339 1201 2371; x_wconf 90' lang='lat' dir='ltr'><strong>aerumnas</strong></span> <span class='ocrx_word' id='word_1_314' title='bbox 1222 2340 1372 2372; x_wconf 90' lang='lat' dir='ltr'><strong>omnes</strong></span> <span class='ocrx_word' id='word_1_315' title='bbox 1393 2328 1578 2373; x_wconf 85' lang='lat' dir='ltr'><strong>Herculi.</strong></span> <span class='ocrx_word' id='word_1_316' title='bbox 1620 2329 1733 2373; x_wconf 89' lang='lat' dir='ltr'><strong>Nam</strong></span> 
     </span>
     <span class='ocr_line' id='line_1_35' title="bbox 0 2372 1732 2472; baseline 0.006 -41"><span class='ocrx_word' id='word_1_317' title='bbox 0 2372 26 2472; x_wconf 64' lang='grc' dir='ltr'><em>ξ</em></span> <span class='ocrx_word' id='word_1_318' title='bbox 228 2402 324 2433; x_wconf 93' lang='lat' dir='ltr'><strong>cum</strong></span> <span class='ocrx_word' id='word_1_319' title='bbox 356 2389 480 2435; x_wconf 90' lang='lat' dir='ltr'><strong>leone</strong></span> <span class='ocrx_word' id='word_1_320' title='bbox 510 2404 607 2435; x_wconf 93' lang='lat' dir='ltr'><strong>cum</strong></span> <span class='ocrx_word' id='word_1_321' title='bbox 640 2395 817 2437; x_wconf 80' lang='lat' dir='ltr'><strong>excetra</strong></span> <span class='ocrx_word' id='word_1_322' title='bbox 846 2406 943 2437; x_wconf 91' lang='lat' dir='ltr'><strong>cum</strong></span> <span class='ocrx_word' id='word_1_323' title='bbox 975 2408 1103 2439; x_wconf 86' lang='lat' dir='ltr'><strong>cervo</strong></span> <span class='ocrx_word' id='word_1_324' title='bbox 1135 2408 1231 2439; x_wconf 91' lang='lat' dir='ltr'><strong>cum</strong></span> <span class='ocrx_word' id='word_1_325' title='bbox 1263 2410 1368 2453; x_wconf 80' lang='lat' dir='ltr'><strong>apro</strong></span> <span class='ocrx_word' id='word_1_326' title='bbox 1400 2397 1593 2442; x_wconf 87' lang='lat' dir='ltr'><strong>Aetolico</strong></span> <span class='ocrx_word' id='word_1_327' title='bbox 1625 2397 1732 2443; x_wconf 85' lang='lat' dir='ltr'><strong>Cum</strong></span> 
     </span>
     <span class='ocr_line' id='line_1_36' title="bbox 0 2478 25 2587; baseline 0 0"><span class='ocrx_word' id='word_1_328' title='bbox 0 2478 25 2587; x_wconf 61' lang='grc' dir='ltr'><em>Ξ</em></span> 
     </span>
     <span class='ocr_line' id='line_1_37' title="bbox 0 2639 17 2677; baseline 0 0"><span class='ocrx_word' id='word_1_329' title='bbox 0 2639 17 2677; x_wconf 55' lang='grc' dir='ltr'>ὲ</span> 
     </span>
     <span class='ocr_line' id='line_1_38' title="bbox 0 2683 21 2722; baseline 0 0"><span class='ocrx_word' id='word_1_330' title='bbox 0 2683 21 2722; x_wconf 59' lang='lat' dir='ltr'><strong>&#39;t</strong></span> 
     </span>
    </p>
   </div>
   <div class='ocr_carea' id='block_1_3' title="bbox 227 2497 339 2500">
    <p class='ocr_par' dir='ltr' id='par_1_3' title="bbox 227 2497 339 2500">
     <span class='ocr_line' id='line_1_39' title="bbox 227 2497 339 2500; baseline 0 0"><span class='ocrx_word' id='word_1_331' title='bbox 227 2497 339 2500; x_wconf 95' lang='lat' dir='ltr'><strong> </strong></span> 
     </span>
    </p>
   </div>
   <div class='ocr_carea' id='block_1_4' title="bbox 340 2497 499 2501">
    <p class='ocr_par' dir='ltr' id='par_1_4' title="bbox 340 2497 499 2501">
     <span class='ocr_line' id='line_1_40' title="bbox 340 2497 499 2501; baseline 0 0"><span class='ocrx_word' id='word_1_332' title='bbox 340 2497 499 2501; x_wconf 95' lang='lat' dir='ltr'><strong> </strong></span> 
     </span>
    </p>
   </div>
   <div class='ocr_carea' id='block_1_5' title="bbox 228 2562 1733 2670">
    <p class='ocr_par' dir='ltr' id='par_1_5' title="bbox 228 2562 1733 2670">
     <span class='ocr_line' id='line_1_41' title="bbox 319 2562 1733 2621; baseline 0.006 -22"><span class='ocrx_word' id='word_1_333' title='bbox 319 2562 347 2609; x_wconf 79' lang='lat'><strong>²)</strong></span> <span class='ocrx_word' id='word_1_334' title='bbox 372 2562 424 2599; x_wconf 81' lang='lat' dir='ltr'><strong>Cf.</strong></span> <span class='ocrx_word' id='word_1_335' title='bbox 442 2562 655 2602; x_wconf 85' lang='lat' dir='ltr'><strong>Mommsen</strong></span> <span class='ocrx_word' id='word_1_336' title='bbox 673 2566 865 2603; x_wconf 87' lang='lat' dir='ltr'><strong>unterital.</strong></span> <span class='ocrx_word' id='word_1_337' title='bbox 883 2566 977 2604; x_wconf 86' lang='lat' dir='ltr'><strong>Dial.</strong></span> <span class='ocrx_word' id='word_1_338' title='bbox 995 2580 1030 2615; x_wconf 92' lang='lat' dir='ltr'><strong>p.</strong></span> <span class='ocrx_word' id='word_1_339' title='bbox 1051 2572 1126 2611; x_wconf 80' lang='grc'>262,</span> <span class='ocrx_word' id='word_1_340' title='bbox 1146 2568 1374 2606; x_wconf 84' lang='lat' dir='ltr'><strong>Grassmann</strong></span> <span class='ocrx_word' id='word_1_341' title='bbox 1391 2570 1414 2605; x_wconf 83' lang='lat' dir='ltr'><strong>l.</strong></span> <span class='ocrx_word' id='word_1_342' title='bbox 1433 2570 1465 2621; x_wconf 51' lang='lat' dir='ltr'><strong>i&gt;</strong></span> <span class='ocrx_word' id='word_1_343' title='bbox 1480 2582 1515 2616; x_wconf 89' lang='lat' dir='ltr'><strong>p.</strong></span> <span class='ocrx_word' id='word_1_344' title='bbox 1536 2575 1733 2617; x_wconf 83' lang='lat'>103—106;</span> 
     </span>
     <span class='ocr_line' id='line_1_42' title="bbox 228 2619 1732 2670; baseline 0.007 -15"><span class='ocrx_word' id='word_1_345' title='bbox 228 2619 320 2656; x_wconf 91' lang='lat' dir='ltr'><strong>deus</strong></span> <span class='ocrx_word' id='word_1_346' title='bbox 346 2619 552 2670; x_wconf 23' lang='lat' dir='ltr'><strong>nimiu-atur</strong></span> <span class='ocrx_word' id='word_1_347' title='bbox 568 2622 750 2660; x_wconf 86' lang='lat' dir='ltr'><strong>Hercules</strong></span> <span class='ocrx_word' id='word_1_348' title='bbox 768 2634 792 2659; x_wconf 86' lang='lat' dir='ltr'><strong>a</strong></span> <span class='ocrx_word' id='word_1_349' title='bbox 807 2623 944 2661; x_wconf 88' lang='lat' dir='ltr'><strong>Plauto</strong></span> <span class='ocrx_word' id='word_1_350' title='bbox 970 2625 1009 2661; x_wconf 87' lang='lat' dir='ltr'><strong>in</strong></span> <span class='ocrx_word' id='word_1_351' title='bbox 1028 2625 1151 2662; x_wconf 89' lang='lat' dir='ltr'><strong>Stichi</strong></span> <span class='ocrx_word' id='word_1_352' title='bbox 1169 2638 1279 2663; x_wconf 86' lang='lat' dir='ltr'><strong>versu</strong></span> <span class='ocrx_word' id='word_1_353' title='bbox 1298 2632 1363 2664; x_wconf 81' lang='grc'><strong>392</strong></span> <span class='ocrx_word' id='word_1_354' title='bbox 1383 2622 1575 2665; x_wconf 59' lang='grc' dir='ltr'><strong>εἴΒαοοΙι.</strong></span> <span class='ocrx_word' id='word_1_355' title='bbox 1601 2641 1633 2666; x_wconf 87' lang='lat' dir='ltr'><strong>v.</strong></span> <span class='ocrx_word' id='word_1_356' title='bbox 1655 2634 1732 2666; x_wconf 82' lang='lat'><strong>894.</strong></span> 
     </span>
    </p>
   </div>
   <div class='ocr_carea' id='block_1_6' title="bbox 0 2729 147 2904">
    <p class='ocr_par' dir='ltr' id='par_1_6' title="bbox 0 2729 147 2904">
     <span class='ocr_line' id='line_1_43' title="bbox 0 2729 147 2904; baseline 0 0"><span class='ocrx_word' id='word_1_357' title='bbox 0 2729 147 2904; x_wconf 95' lang='lat' dir='ltr'><strong> </strong></span> 
     </span>
    </p>
   </div>
  </div>
 </body>
</html>
