1944 2904
0 514 47 828 weh

427 84 467 122 ³·
825 133 892 139 .-,.
953 110 1007 150 23
1066 133 1122 139 -

226 230 356 280 atque
401 225 506 267 locis
543 224 767 280 plerisque
810 237 907 267 eum
952 224 1167 279 appellari
1204 223 1425 266 Summum
1459 225 1530 266 vel
1575 224 1731 280 Supre-

226 306 358 349 mum;
391 293 602 349 ,optimus'
634 298 777 337 autem
809 298 851 336 et
886 292 1120 346 ,maximus'
1143 292 1337 349 epitheta
1360 292 1517 336 desunt
1539 292 1733 349 (praeter

224 361 359 416 Poen.·
374 374 412 404 V.
442 361 478 405 5.
500 363 538 405 3.
558 363 629 404 44:
660 362 841 417 „Magne
873 360 1092 416 Iuppiter⁴‘
1128 365 1171 403 et
1194 360 1287 403 Aul.
1315 375 1353 404 v.
1376 363 1477 403 776:
1508 361 1643 417 „Tum
1666 374 1733 404 me

224 430 357 473 faciat
402 431 517 484 quod
559 430 649 473 volt
691 443 873 484 magnus
918 429 1166 485 Iuppite1·;“
1210 454 1261 459 —
1306 430 1349 471 in
1397 434 1485 472 toto
1532 430 1732 473 Terentio

224 497 392 541 duobus
425 501 589 541 tantum
635 498 741 541 locis
785 498 980 554 epitheta
1009 497 1126 540 Iovis
1170 498 1461 554 reperiuntur:
1493 498 1599 541 Eun.
1632 498 1733 541 709:

187 587 194 589 ·
222 566 440 623 „Iuppiter
472 567 664 622 magne,“
686 573 728 610 et
750 566 934 622 Adelph.
955 580 993 609 v.
1027 568 1125 609 196:
1157 580 1255 621 „pro
1279 580 1481 623 supreme
1512 566 1586 623 I.“)
1620 580 1732 622 quae

222 637 391 679 etiamsi
423 650 476 680 ex
509 636 632 679 metri
664 636 831 679 ratione
864 634 946 678 nisi
977 635 1019 678 in
1051 635 1223 678 creticis
1264 637 1374 679 bene
1410 636 1608 691 coniungi
1645 649 1732 678 non

71 698 77 703 ’
106 721 110 743 1
149 753 151 755 ,
225 709 433 762 poterant,
464 710 610 748 tamen
642 704 894 747 alterutrum
919 717 1138 759 nunquam
1170 704 1410 747 adhibitum
1432 717 1528 748 esse
1552 705 1728 755 miror.¹)

221 774 277 817 Et
307 774 500 830 profecto
532 774 648 829 apud
680 775 885 829 populum
917 787 1088 828 quoque
1120 786 1173 816 ea
1201 776 1290 815 tum
1321 774 1436 816 nullo
1459 773 1548 817 fere
1572 774 1615 816 in
1649 787 1730 816 usu

204 843 355 886 -fuisse
385 842 486 886 inde
511 842 720 897 colligere
751 842 864 894 licet,
896 841 1012 897 quod
1042 855 1191 884 omnes
1213 842 1313 884 inde
1335 842 1391 885 ab
1413 842 1730 897 antiquissimis

222 924 359 967 usque
391 911 448 954 ad
479 910 638 954 Christi
667 915 866 966 tempora
896 910 1010 953 tituli
1043 915 1109 954 ter
1141 914 1305 954 tantum
1328 910 1391 962 (C.
1421 910 1452 954 I.
1475 910 1520 954 L.
1541 910 1573 954 I.
1609 912 1731 965 1109,

224 981 349 1035 1236,
393 978 520 1035 1402)
561 978 670 1021 haec
714 979 911 1034 epitheta
945 979 1158 1033 exhibent,
1204 979 1277 1033 qui
1322 982 1395 1021 aut
1439 992 1523 1021 non
1561 979 1730 1034 antiqui

151 1042 154 1045 Δ
222 1052 298 1091 aut
340 1048 489 1091 incerti
532 1046 738 1103 temporis
781 1050 901 1103 sunt,
937 1061 1033 1091 cum
1073 1051 1228 1104 postea
1271 1050 1480 1091 sexcenta
1528 1048 1731 1106 exempla

222 1116 433 1161 eiusmodi
476 1120 660 1160 exstent.
732 1117 847 1160 Sane
889 1116 934 1158 in
977 1116 1113 1160 titulis
1162 1116 1278 1159 illius
1329 1117 1486 1159 aetatis
1529 1118 1728 1174 Iuppiter

220 1189 468 1241 ,supremus’
498 1186 569 1228 vel
611 1187 827 1237 ,summus’
867 1198 1084 1240 nunquam
1115 1185 1247 1229 audit.
1306 1185 1424 1228 Iovis
1454 1185 1601 1241 igitur,
1628 1200 1727 1229 eum

222 1254 443 1297 Summum
485 1254 556 1297 vel
588 1254 865 1297 Summanum
909 1255 1001 1298 loco
1035 1267 1110 1296 suo
1155 1253 1363 1296 movisset
1407 1257 1449 1297 et
1490 1254 1584 1310 ipse
1615 1254 1730 1310 prin-

220 1322 358 1379 cipem
393 1322 573 1365 deorum
604 1322 743 1366 locum
775 1325 1006 1378 occuparet
1037 1322 1146 1365 haec
1177 1322 1392 1365 vocabula
1411 1321 1664 1378 „Summus“
1686 1326 1729 1365 et

219 1391 431 1434 interdum
463 1390 770 1446 „Summanus“
801 1391 847 1433 in
877 1391 1227 1446 inscriptionibus
1257 1390 1452 1446 epitheta
1482 1405 1578 1434 esse
1609 1392 1729 1434 volu-

219 1462 354 1501 erunt.
425 1458 510 1501 Sed
553 1472 607 1501 ex
655 1459 738 1501 hae
792 1458 1059 1513 digressione
1108 1459 1165 1501 ad
1206 1458 1352 1501 Iovem
1395 1458 1727 1502 describendum

218 1531 496 1571 revertamur.
538 1527 603 1570 De
632 1527 736 1571 Iove
759 1527 1001 1583 prodigiali,
1034 1527 1106 1582 qui
1127 1527 1171 1569 in
1193 1527 1346 1583 Amph.
1368 1541 1406 1571 v.
1432 1529 1513 1570 739
1542 1541 1728 1571 comme-

219 1599 409 1655 moratus
441 1599 524 1651 est,
566 1595 666 1638 vide
697 1596 863 1639 Preller
895 1597 926 1638 1..
950 1596 976 1638 i.
1009 1611 1047 1651 p.
1083 1597 1173 1638 186.
1235 1595 1340 1638 Cum
1379 1596 1587 1639 Pseudoli
1617 1608 1728 1639 vers·

220 1666 301 1707 628
333 1668 375 1708 et
406 1666 505 1707 629:
547 1664 617 1719 „Si
661 1664 835 1720 quidem
879 1664 1025 1708 hercle
1057 1665 1188 1707 etiam
1233 1665 1727 1721 sup1·emi›promptas²)

218 1733 474 1777 thensauros
516 1733 650 1789 Iovis,
694 1733 791 1777 Tibi
835 1733 1026 1777 libellam
1058 1733 1225 1790 argenti
1267 1746 1485 1789 nunquam
1529 1734 1730 1777 credam“
1783 1726 1786 1729 μ

218 1815 422 1857 compara
452 1802 768 1857 lepidissimam
811 1801 929 1843 illam
970 1816 1172 1845 scaenam
1204 1802 1332 1845 Arist.
1376 1803 1491 1844 Pluti
1522 1803 1577 1856 (v.
1611 1803 1728 1858 130):

217 1862 399 1913 Αὐτίκα
431 1866 513 1927 γὰρ
536 1863 654 1927 ἔρχει
675 1866 751 1912 διὰ
773 1862 851 1911 τίν’
887 1863 1038 1921 ὃΖεύς
1067 1871 1153 1912 τῶν
1183 1870 1355 1923 &emma
1387 1866 1462 1912 διὰ
1484 1863 1725 1928 τάργυρίου,

215 1939 425 1981 πλεῖστον
454 1934 535 1994 γάρ
565 1930 650 1980 ἐστ’
686 1930 824 1994 αὗτῴ,·
855 1938 907 1982 ef.
942 1940 1056 1982 Trin.
1089 1953 1127 1981 v.
1158 1940 1259 1981 490:
1302 1940 1370 1994 „di
1403 1939 1560 1982 divites
1592 1940 1727 1994 sunt,“

215 2008 326 2051 Men.
356 2006 457 2049 217:
487 2007 665 2063 „Neque
697 2006 825 2050 hodie
857 2010 902 2049 ut
933 2012 975 2051 te
1007 2008 1187 2064 perdam
1219 2021 1407 2051 meream
1439 2007 1585 2050 divom
1617 2007 1724 2050 divi-

216 2078 299 2119 tias
331 2076 471 2120 mihi.“
493 2101 548 2106 -—
580 2076 787 2118 Romanis
819 2080 961 2120 autem
994 2078 1222 2120 notissima
1254 2081 1296 2120 et
1327 2076 1443 2133 apud
1473 2078 1593 2132 ipsos
1631 2082 1726 2120 orta

216 2149 309 2189 erat
338 2145 486 2189 fabula
516 2146 591 2188 illa
622 2146 679 2188 ad
701 2159 829 2201 quam
851 2145 1004 2188 alludit
1028 2146 1181 2202 Amph.
1201 2160 1240 2188 v.
1263 2147 1357 2201 450,
1390 2146 1463 2190 ubi
1490 2146 1726 2189 Mercurius

216 2215 337 2257 dicit:
366 2213 635 2270 „Quadrigas
667 2215 703 2257 si
735 2228 844 2257 nune
865 2215 1096 2258 inscendas
1120 2216 1236 2257 Iovis
1259 2217 1399 2270 Atque
1434 2215 1532 2258 hinc
1563 2216 1725 2271 fugias,

214 2284 275 2326 ita
311 2283 385 2326 vix
416 2276 577 2338 poteris
601 2283 790 2340 effugere
811 2284 1124 2327 infortunium.“·
1170 2284 1308 2337 Quam
1338 2284 1592 2339 quadrigam
1625 2298 1721 2327 cum

215 2352 423 2395 Veientes
445 2352 547 2395 urbe
570 2357 698 2408 capta
721 2353 928 2395 Romanis
950 2354 1183 2396 victoribus
1206 2354 1380 2396 tradere
1402 2354 1574 2408 nollent,
1606 2353 1724 2396 fama

311 2469 336 2510 ¹)
362 2466 418 2503 Cf.
445 2466 521 2502 Cic.
549 2467 595 2502 de
623 2466 725 2503 deor.
748 2470 823 2502 nat.
843 2467 865 2502 l.
885 2450 932 2502 ΙῘ.
952 2472 1005 2503 25.
1026 2472 1087 2503 64:
1114 2468 1286 2513 Iuppiter
1307 2478 1327 2503 a
1353 2466 1560 2503 maioribus
1580 2468 1724 2503 nostris

203 2525 383 2570 optimus
410 2524 587 2559 maximus
614 2523 741 2559 dietus
781 2528 839 2560 est
863 2528 901 2559 et
927 2524 1078 2569 quidem
1096 2528 1183 2560 ante
1209 2529 1385 2569 optumus
1405 2534 1513 2570 quam
1532 2525 1724 2561 maximus.

305 2582 331 2626 2)
359 2580 415 2618 Cf.
454 2582 626 2625 Langen:
659 2580 838 2625 Beitriige
865 2592 932 2616 zur
961 2580 1089 2616 Kritik
1116 2581 1192 2616 und
1219 2581 1433 2626 Erkliirung
1473 2581 1541 2617 des
1567 2581 1722 2617 Plautus

125 2661 146 2689 3
212 2649 247 2683 p.
274 2642 328 2674 54.
