1944 2904
832 69 1143 166 -‘451-.

145 222 147 224 ’
216 217 358 274 Equit.
392 216 534 273 609).-
567 216 648 270 Qui
690 218 867 274 mythus
909 220 1140 275 postquam
1172 217 1352 260 Romam
1383 216 1619 260 translatus
1650 219 1728 272 est,

157 289 159 294 ⁴
212 284 453 333 ‘Palaemon
485 287 663 330 Portuni
701 292 849 343 partes
881 287 972 342 agit
993 291 1039 329 ut
1060 287 1241 330 Ovidius
1272 286 1376 330 dicit
1405 287 1450 330 in
1480 287 1576 330 fast.
1606 287 1632 329 l.
1654 287 1727 329 VI.

65 373 110 413 <5-
203 347 318 401 ³541:
348 354 511 412 „Quem
541 368 621 399 nos
650 356 898 412 Portunum,
930 368 1008 399 sua
1028 355 1180 412 lingua
1202 354 1465 399 Palaemona
1486 354 1626 399 dicit.“
1662 355 1727 398 De

104 416 107 418 “
208 425 408 467 “Portuno
450 426 552 467 vide
595 425 831 468 Prellerum
874 439 912 479 p.
950 426 1044 468 505.
1110 426 1300 480 Neptuni
1345 439 1447 468 vero
1492 425 1725 481 descriptio

157 488 159 490 ’
185 499 351 548 '‘quam
364 492 543 536 Plautus
564 492 609 535 in
640 505 750 536 vers.
771 491 887 536 Trin.
918 493 1145 536 824—840
1183 492 1397 549 proponit:
1441 492 1606 549 „Atque
1644 506 1724 548 ego

191 561 302 608 „tibi
320 562 524 618 Neptune
555 565 655 604 ante
685 562 795 618 alios
827 561 934 605 deos
964 563 1128 617 gratias
1159 576 1242 617 ago
1275 565 1317 605 et
1347 561 1485 604 habeo
1517 575 1725 616 summas3

73 628 117 688 ἢ
142 627 145 630 “
215 629 330 674 Nam
361 634 404 675 te
436 645 585 675 omnes
617 643 880 686 saevomque
911 644 1195 686 severumque
1226 630 1368 674 avidis
1399 631 1589 674 moribus
1610 645 1723 674 com·

75 713 107 734 ²«
140 739 144 743 Α
214 704 452 744 memorant
475 699 756 756 Spurcificum
782 700 1017 744 immanum
1043 700 1360 743 intolerandum
1381 714 1609 743 vesanum:
1643 713 1724 754 ego

87 755 94 767 ἲ
215 772 364 812 contra
403 782 536 823 opera
578 771 800 824 expertus;
843 769 955 810 Nam
986 769 1061 824 pol
1093 767 1264 822 placido
1296 771 1337 810 te
1370 771 1412 810 et
1443 767 1643 810 clementi
1675 782 1725 810 eo

168 847 170 850 ’
214 850 351 892 usque
382 837 508 880 modo
539 840 585 879 ut
625 837 741 879 volui
780 849 884 880 usus
921 851 1013 879 sum
1050 836 1095 879 in
1131 837 1237 891 alto,
1282 838 1424 891 Atque
1462 835 1574 879 hanc
1609 839 1724 878 tuam

215 905 333 962 apud
362 905 560 966 homines
581 905 763 961 gloriam
793 905 971 949 auribus
1006 905 1094 947 iam
1125 918 1380 960 acceperam
1411 908 1530 948 ante:
1561 905 1726 961 Paupe-

156 973 164 979 ”
213 973 332 1017 ribus
361 978 404 1017 te
435 988 614 1031 parcere
652 975 836 1030 solitum,
869 975 969 1017 ditis
1000 975 1209 1017 damnare
1239 980 1373 1029 atque
1412 974 1599 1018 domare.
1640 974 1723 1017 Abi

215 1042 363 1087 laudo:
406 1042 492 1087 scis
530 1043 680 1087 ordine
717 1048 763 1086 ut
800 1047 1025 1100 aequomst
1061 1046 1245 1087 tractare
1283 1043 1496 1086 homines:
1540 1042 1620 1086 hoc
1655 1042 1723 1086 dis

213 1112 524 1167 dignumst...“
565 1116 705 1155 utrum
735 1112 931 1156 Romana
962 1113 1018 1155 sit
1048 1127 1104 1155 an
1138 1113 1323 1167 Graeca,
1361 1126 1439 1168 per
1470 1126 1517 1155 se
1549 1112 1723 1155 difficile

214 1181 269 1223 sit
311 1181 574 1236 discernere;
619 1181 696 1224 sed
734 1181 904 1224 etiamsi
942 1181 1041 1223 Itali
1083 1181 1297 1235 utrimque
1336 1181 1527 1223 maribus
1570 1181 1724 1223 inclusi

214 1248 351 1306 maria
382 1252 424 1292 et
454 1252 703 1305 portentosa
745 1253 875 1305 atque
906 1249 1077 1293 turbata
1108 1252 1150 1293 et
1187 1248 1360 1306 placida
1401 1248 1569 1305 experti
1602 1252 1725 1293 erant

212 1331 353 1371 neque
385 1318 614 1372 quicquam
645 1308 885 1373 simplicius
917 1322 1010 1361 erat
1046 1332 1177 1373 quam
1220 1317 1301 1361 hoc
1338 1318 1395 1359 ad
1433 1331 1646 1372 aquarum
1681 1322 1724 1360 et

209 1385 413 1429 fluctuum
444 1386 571 1429 deum
594 1387 840 1442 Neptunum
870 1386 1114 1441 transferre,
1145 1390 1290 1430 tamen
1322 1399 1417 1429 cum
1449 1387 1492 1429 in
1525 1386 1593 1429 his
1630 1400 1726 1429 ver-

138 1508 141 1510 >
212 1454 331 1497 sibus
361 1453 469 1496 nihil
500 1454 744 1497 inveniatur
775 1455 891 1509 quod
922 1469 1018 1498 cum
1049 1456 1312 1497 Graecorum
1351 1455 1614 1509 cogitatione
1648 1469 1724 1511 pu-

214 1526 317 1579 gnet
348 1525 391 1566 et
422 1523 592 1565 omnino
631 1523 773 1566 Plauti
816 1523 988 1568 fabulae
1033 1524 1286 1581 simpliciter
1328 1538 1381 1567 ex
1414 1523 1594 1567 Graecis
1639 1524 1725 1567 sint

212 1593 470 1647 translatae,
512 1592 660 1635 malim
692 1594 953 1638 contendere
989 1594 1101 1636 hanc
1133 1607 1305 1649 quoque
1337 1607 1540 1636 scaenam
1573 1607 1725 1637 secun-

214 1662 315 1706 dum
337 1661 549 1706 Graecum
579 1663 802 1719 exemplar
833 1676 1084 1719 expressam
1107 1677 1215 1707 esse.
1259 1663 1365 1707 Cum
1387 1663 1516 1707 huius
1538 1676 1724 1707 scaenae

212 1744 346 1774 verss.
379 1732 607 1773 820—824
637 1731 687 1773 cf.
710 1732 823 1774 Most
845 1734 881 1787 2,
912 1733 937 1773 2
970 1731 1158 1787 initium,
1199 1732 1242 1774 in
1279 1745 1364 1787 quo
1398 1723 1750 1787 Theopropides

177 1819 179 1822 ⁴
214 1800 331 1843 idem
362 1801 496 1844 redux
527 1801 728 1856 Neptuno
766 1801 954 1844 iocosius
991 1800 1082 1856 agit
1120 1801 1281 1856 gratias
1322 1801 1435 1856 quod
1467 1814 1602 1857 opera
1633 1802 1726 1844 eius

214 1882 268 1912 ex
302 1869 413 1912 mari
444 1873 646 1912 servatus
678 1869 751 1924 sit3
781 1883 932 1912 versus
963 1870 1033 1912 hic
1065 1873 1262 1925 repetere
1292 1870 1422 1925 piget.
1474 1869 1643 1913 Deinde
1674 1870 1727 1913 cf.

215 1937 347 1981 Stich.
393 1952 432 1980 v.
470 1940 551 1981 402
592 1952 654 1993 squ
712 1937 874 1993 „Quom
924 1940 1034 1982 bene
1065 1953 1111 1981 re
1152 1943 1276 1994 gesta
1306 1939 1452 1982 salvos
1502 1943 1729 1983 convortor

138 2017 142 2026 ’
213 2007 399 2062 domum,
428 2007 628 2063 Neptuno
659 2008 795 2063 gratis
823 2007 962 2052 habeo
996 2011 1038 2051 et
1071 2008 1445 2065 tempestatibus;“
1475 2008 1726 2065 similesque

216 2080 314 2120 sunt
344 2089 478 2120 verss.
510 2076 618 2120 Rud.
651 2078 733 2120 699
766 2080 808 2119 et
839 2078 922 2120 906
961 2078 1067 2133 (Mil.
1099 2079 1218 2132 413).
1279 2077 1440 2129 Quodsi
1472 2078 1653 2121 Plautus
1683 2079 1727 2121 in

155 2162 163 2169 ·
214 2145 282 2188 Ps.
313 2158 441 2189 versu
471 2146 556 2189 834
585 2145 719 2203 piscis
755 2146 956 2202 ‘Neptuni
986 2147 1190 2203 pecudes'
1221 2147 1432 2203 appellat,
1472 2147 1582 2190 bene
1613 2160 1724 2190 com-

2 2187 142 2283 {ijs
213 2214 358 2269 parari
400 2218 542 2270 potest
571 2215 670 2258 Livi
701 2228 850 2258 versus
893 2229 949 2259 ex
979 2216 1186 2280 Aegistho
1229 2216 1642 2272 petitus-(Ribbeck
1674 2217 1724 2260 fr.

134 2335 141 2342 „
212 2286 322 2339 trag.
365 2298 404 2339 p.
445 2285 481 2327 1.
518 2298 556 2327 v.
595 2284 632 2327 5.
669 2283 742 2341 6.):
784 2284 919 2340 „Tum
961 2288 1106 2328 autem
1149 2285 1357 2328 lascivom
1395 2285 1527 2328 Nerei
1571 2285 1725 2328 simum

211 2365 348 2414 pecus
380 2352 555 2396 Ludens
592 2353 651 2396 ad
682 2357 854 2397 cantum
891 2353 1076 2397 classem
1115 2354 1357 2397 lustratu1·.“
1400 2379 1455 2384 -—
1497 2354 1727 2410 Neptunus

213 2425 359 2465 autem
380 2422 512 2464 maris
538 2422 737 2465 dominus
760 2426 803 2465 et
823 2426 961 2467 rector
984 2423 1314 2479 tempestatibus
1336 2436 1506 2478 quoque
1528 2423 1726 2480 imperat,

214 2490 328 2535 unde
372 2495 491 2534 recte
521 2491 631 2534 Rud.
663 2504 750 2534 vss.
782 2493 836 2535 83
868 2505 934 2547 sq,
962 2493 1161 2547 legimus:
1203 2493 1553 2549 „Tempestatem
1586 2494 1730 2537 cuius-

214 2558 331 2612 modi
370 2559 598 2616 Neptunus
639 2563 765 2604 nocte
808 2559 889 2603 hac
931 2561 1047 2604 misit
1089 2561 1325 2613 Proxuma,
1367 2560 1533 2605 detexit
1572 2567 1729 2606 ventus

9 2621 53 2679 ²3}
214 2625 382 2680 villam3
432 2628 536 2683 quid
590 2628 735 2673 verbis
789 2632 932 2686 opust,
986 2629 1082 2673 Non
1136 2632 1290 2673 ventus
1334 2630 1415 2673 fuit
1456 2644 1604 2674 verum
1655 2631 1727 2674 Al-
