1944 2904
803 87 1087 130 -49-

128 210 131 213 ’
199 197 282 241 hoe
313 189 533 254 epitheton
556 199 754 246 Plautum
786 201 927 256 ipsum
958 203 1140 258 primum
1173 203 1394 246 formasse.
1453 203 1699 257 Cognomen

19 290 45 343 f
130 273 139 287 ³
164 311 168 314 ,
200 262 464 320 obsequenti
493 279 578 311 non
599 268 639 312 ei
666 268 851 312 inditum
872 272 937 313 est
955 283 983 313 a
1003 270 1157 314 Plauto
1190 271 1235 314 id
1257 271 1372 327 quod
1394 271 1558 315 Preller
1579 274 1701 327 putat

199 347 241 391 p.
272 333 378 389 5583
420 346 519 376 nam
563 332 682 375 Asin.
713 346 749 374 v.
782 333 864 375 716
904 333 1113 388 legendus
1157 338 1241 378 est:
1282 334 1445 391 „Quem
1487 338 1530 378 te
1572 335 1701 378 deum

200 405 345 448 autem
382 401 653 446 nominem?“
694 417 726 445 :2
768 402 1024 457 „Fortunam
1064 411 1184 456 atque
1216 403 1573 460 Obsequentem.“
1633 402 1703 447 Ad

0 439 95 536 f
126 489 128 491 ’
199 470 432 517 Fortunam
454 470 776 527 Respicientem
807 471 995 527 pertinet
1018 472 1138 529 Capt.
1159 486 1197 515 v.
1219 474 1302 517 834
1334 473 1389 517 de
1421 486 1506 529 quo
1528 472 1702 517 Brixius
1762 483 1765 486 ’

200 540 327 597 dieit3
358 541 410 585 ef.
441 544 668 597 praeterea
690 541 819 584 Poen.
851 555 888 584 v.
921 541 957 586 1.
989 543 1024 584 2.
1059 544 1150 584 197.
1209 543 1369 597 Magna
1401 542 1504 597 quin
1535 555 1705 585 summa

201 609 397 667 potentia
426 609 527 653 huie
558 609 669 653 deae
707 608 842 666 erat1)
880 613 922 653 et
959 610 1030 653 vel
1068 609 1448 666 prudentissimum
1487 610 1703 655 hominem

200 679 392 723 Fortuna
412 679 713 734 intellegentia
733 682 776 723 et
797 678 977 722 oonsilio
1010 683 1204 735 superat3
1218 678 1251 734 2)
1282 683 1398 723 reete
1423 679 1555 735 igitur
1576 680 1705 723 Plau-

200 750 270 790 tus
299 747 344 790 in
375 744 532 791 Pseud.
562 760 603 792 v.
633 749 714 791 678
747 747 869 790 dioit:
907 747 1112 803 „Centum
1146 748 1317 790 doetum
1354 748 1576 790 hominum
1608 761 1705 792 eon-

202 816 304 859 silia
333 817 426 860 sola
456 817 566 860 haee
596 817 787 860 devincit
817 816 902 860 dea
935 817 1158 872 F01·tuna,“
1201 817 1486 871 similiterque
1519 818 1561 860 in
1585 817 1705 873 Capt.

200 898 239 929 v.
265 887 366 929 304:
396 886 611 942 „Fortuna
640 886 830 929 humana
856 885 976 942 fingit
1006 889 1203 941 artatque
1235 889 1281 929 ut
1316 886 1432 930 lubet
1445 886 1478 942 ;“
1511 890 1554 930 et
1576 886 1704 930 inter-

202 955 302 998 dum
334 955 397 1010 fit,
427 960 476 998 ut
505 955 700 999 homines
730 956 853 998 fallat
883 960 927 998 et
957 955 1137 998 irrideat
1167 959 1214 997 ut
1245 959 1311 999 est
1341 956 1384 998 in
1407 956 1525 998 Asin.
1547 970 1584 998 v.
1604 958 1705 999 727:
1778 951 1789 959 ’

200 1023 283 1081 „Ut
313 1036 587 1081 consuevere,
617 1024 815 1069 homines
836 1023 962 1068 Salus
993 1024 1223 1069 frustratur
1248 1027 1292 1069 et
1313 1024 1544 1081 Fortuna;“
1580 1023 1705 1069 nimi-

201 1107 294 1136 rum
326 1092 597 1150 Argurippus
641 1096 754 1137 sorte
798 1107 877 1137 sua
920 1106 1004 1137 non
1048 1097 1273 1137 contentus
1314 1107 1405 1138 rem
1443 1094 1701 1139 deteriorem

201 1162 308 1205 facit
339 1176 468 1217 quam
498 1176 649 1206 revera
671 1166 750 1218 est3
781 1176 881 1206 nam
904 1163 1031 1205 Salus
1062 1177 1140 1218 per
1171 1176 1219 1206 se
1240 1162 1405 1206 homini
1435 1177 1592 1208 nocere
1613 1177 1699 1207 non

200 1234 352 1288 potest.
411 1231 546 1275 Multa
576 1234 719 1274 autem
753 1231 1007 1286 cognomina
1038 1244 1133 1274 eum
1155 1232 1369 1275 Fortunae
1402 1236 1547 1276 essent
1577 1232 1695 1276 haud

200 1299 316 1343 male
347 1299 609 1356 compositus
638 1303 703 1343 est
724 1302 851 1342 Poen.
871 1315 909 1342 v.
931 1300 968 1343 5.
990 1301 1028 1342 2.
1052 1301 1122 1342 13:
1153 1300 1338 1355 „Aliqua
1359 1301 1549 1344 Fortuna
1570 1301 1704 1344 fuerit

201 1368 389 1411 adiutrix
419 1367 534 1410 tibi.“
571 1368 717 1411 Pauca
747 1368 861 1413 addo
893 1369 950 1412 ad
981 1369 1074 1412 Aul.
1107 1382 1217 1412 vers.
1250 1369 1334 1412 100
1365 1382 1446 1424 sq.:
1478 1369 1550 1424 „Si
1581 1370 1705 1413 Bona

200 1437 393 1480 Fortuna
432 1436 581 1480 veniat
615 1449 670 1480 ne
705 1436 1029 1492 intromiseris‚“
1074 1461 1124 1468 —
1169 1437 1250 1480 hoe
1293 1437 1398 1480 dieit
1438 1437 1587 1481 Euclio
1632 1439 1707 1493 qui

202 1519 349 1549 omnes
379 1504 576 1549 homines
607 1504 724 1549 fures
756 1518 853 1549 esse
885 1505 1132 1562 suspicatur
1163 1521 1235 1561 -3
1265 1506 1367 1561 „Pol
1397 1519 1451 1549 ea
1472 1506 1608 1563 ipsa,“
1638 1520 1706 1551 re-

202 1573 386 1631 spondet
423 1574 651 1631 Staphyla,
696 1574 846 1630 „eredo
884 1588 938 1618 ne
974 1574 1283 1618 intromittatur
1322 1578 1463 1630 eavet3
1505 1575 1619 1618 Nam
1648 1576 1707 1620 ad

200 1642 335 1687 aedes
356 1646 524 1686 nostras
545 1656 765 1699 nunquam
785 1643 888 1699 adit,
909 1656 1172 1699 quamquam
1193 1644 1410 1700 propest:“
1431 1644 1544 1687 hune
1567 1648 1708 1700 poste·

202 1712 358 1756 riorem
387 1725 560 1756 vers-um
591 1713 668 1756 alii
697 1713 784 1756 alio
813 1712 954 1769 mod0‚
981 1713 1211 1768 Ussingius
1231 1726 1330 1757 mea
1351 1713 1569 1757 sententia
1588 1718 1707 1758 reete

202 1782 509 1841 interpretatus
540 1785 607 1827 est
637 1780 809 1826 dicens:
851 1782 1075 1838 „quamvis
1117 1781 1300 1838 (malimz
1340 1782 1526 1839 etiamsi)
1571 1797 1708 1840 prope

203 1851 294 1895 sit.“
352 1852 465 1895 Nam
497 1852 731 1895 Fortunam
773 1851 925 1894 domos
967 1851 1231 1906 singulorum
1269 1851 1488 1895 hominum
1528 1851 1708 1896 visitare

71 1945 82 1953 ‹
144 1974 147 1978 .
203 1921 330 1965 modo
361 1920 432 1963 hie
462 1920 588 1965 modo
618 1919 709 1963 illie
741 1920 854 1964 bona
885 1933 963 1963 sua
1001 1919 1257 1963 tribuentem
1291 1921 1475 1964 Romani
1506 1920 1612 1964 mihi
1645 1921 1709 1964 vi-

203 1989 357 2033 dentur
387 1988 607 2046 putassess)
638 2002 716 2033 nee
747 1988 1040 2033 necessarium
1073 1992 1139 2032 est
1169 1988 1346 2033 eredere
1378 1989 1494 2044 quod
1515 1989 1707 2046 Wagner

203 2058 262 2102 ad
291 2057 404 2102 hune
439 2071 610 2102 versum
640 2057 838 2111 adnotat:
874 2056 1045 2115 „These
1078 2061 1410 2102 eommentators
1441 2057 1540 2103 who
1573 2059 1708 2116 adopt

2 2115 11 2152 ’ἶ
42 2164 44 2166 .
122 2180 125 2181 ⁷
203 2128 277 2173 the
297 2128 477 2184 reading
498 2127 830 2186 ofB(quaquap
845 2140 901 2184 pe
923 2139 944 2172 e
958 2149 1001 2162 =
1016 2140 1278 2184 quamquam
1299 2127 1494 2185 propest)
1518 2141 1706 2185 suppose

299 2268 325 2312 ¹)
361 2266 458 2310 Quin
506 2266 619 2303 etiam
654 2265 862 2303 Praeneste
898 2265 1066 2302 Fortuna
1101 2265 1330 2311 Primigenia
1372 2267 1492 2302 mater
1528 2265 1633 2302 lovis
1673 2269 1712 2303 et

205 2322 360 2361 Iunonis
387 2334 472 2361 esse
498 2323 720 2370 putabatur:
745 2323 889 2360 Preller
914 2334 949 2369 p.
976 2327 1054 2359 561.

297 2383 326 2427 2)
351 2381 476 2427 „Nihil
501 2381 597 2418 enim
624 2384 683 2417 est
707 2385 780 2417 tam
813 2380 1040 2416 eontrarium
1074 2380 1215 2416 rationi
1253 2384 1292 2417 et
1325 2381 1562 2416 constantiae
1598 2390 1710 2426 quam

206 2439 374 2476 Fortuna
397 2441 440 2475 ut
464 2438 554 2474 mihi
578 2448 626 2475 ne
651 2439 690 2474 in
715 2438 825 2474 deum
852 2438 1004 2484 quidem
1038 2438 1176 2474 eadere
1214 2437 1392 2474 videatur
1427 2442 1468 2473 ut
1493 2438 1592 2474 sciat
1619 2438 1711 2484 quid

206 2507 299 2538 casu
324 2501 363 2535 et
386 2496 548 2534 fortuito
573 2495 718 2534 factum
742 2497 831 2534 sit“:
858 2496 935 2532 Cio.
964 2496 1011 2532 de
1038 2496 1157 2532 divin.
1182 2496 1232 2532 II.
1260 2501 1291 2534 7.
1318 2501 1371 2534 18.

298 2558 327 2601 ³)
352 2556 407 2594 cf.
433 2555 638 2600 Querulum
668 2566 706 2601 p.
731 2560 785 2599 42,
813 2561 873 2591 11:
910 2555 1038 2600 Ipsam
1063 2555 1209 2590 Bonam
1233 2554 1274 2590 F.
1301 2555 1527 2591 clamantem
1560 2555 1711 2600 pulsan-

206 2616 360 2661 temque
386 2613 501 2651 hodie
526 2623 635 2650 nemo
662 2613 803 2650 audiat.

1484 2676 1506 2705 4
