1944 2904
1616 60 1675 130 χχ

860 139 1146 181 ,ΒΟ-

242 253 324 295 279
357 265 395 296 a.
429 252 525 296 Chr.
557 267 595 295 n.
640 251 895 310 Delphicum
921 251 1140 295 oraculum
1164 255 1310 294 essent
1331 249 1553 309 direpturi,
1586 229 1807 310 sagittis-¹*

244 323 335 366 suis
379 337 454 366 eos
496 322 722 366 dicebatur
763 322 1063 377 prostravisse.
1123 322 1242 364 Haec
1284 334 1353 363 res
1391 335 1474 364 non
1506 321 1756 367 mirum'cst

245 391 359 447 quod
404 390 816 435 commemorabatur
858 390 914 433 ab
958 390 1011 433 iis
1043 402 1212 446 quoque
1254 388 1395 445 poetis
1438 401 1546 444 quos
1577 391 1768 444 Plautus⁴
1812 400 1829 429 f
1858 386 1944 446 [ῥίζέ.ἶ

245 465 418 503 secutus
450 466 535 515 est;
579 460 861 502 dubitandum
892 473 995 502 vero
1041 463 1106 501 est
1137 473 1236 500 num
1268 458 1338 500 hic
1375 459 1469 514 ipse
1513 463 1555 501 et
1587 464 1803 517 specta·

244 532 361 572 tores
403 528 511 572 haec
553 528 687 571 verba
732 526 1034 571 intellexerint.
1106 526 1258 582 Neque
1307 539 1409 570 vero
1453 526 1508 569 ab
1552 526 1631 570 hoc
1673 527 1754 571 deo

245 611 475 652 segregare
506 611 734 653 possumus
767 597 989 652 Sibyllam,
1021 609 1150 653 quam
1181 596 1225 638 in
1257 610 1340 638 uno
1363 597 1432 638 Ps.
1464 610 1502 638 v.
1535 597 1606 638 25:
1636 597 1755 651 „Has
1825 630 1827 632 .

245 665 448 724 (litteras)
481 665 655 721 quidem
687 666 759 722 pol
790 664 929 718 credo,
960 664 1043 708 nisi
1075 664 1242 720 Sibylla
1278 664 1450 720 legerit,
1481 663 1757 722 interpretari
1838 721 1842 725 q
1878 702 1887 713 „

245 737 358 790 potis
400 749 496 777 esse
540 736 671 777 alium
716 735 955 777 neminem“
999 737 1379 776 commemoratam
1425 734 1518 776 sine
1561 734 1690 789 dubio
1731 748 1755 776 e

246 805 412 848 Graeco
445 804 683 860 exemplari
715 803 955 846 traductam
989 816 1086 846 esse
1109 803 1275 845 Lorenz
1306 802 1544 858 contendit3
1574 816 1754 847 necesse
1786 792 1808 852 ’,
1869 820 1944 869 33

244 873 326 914 hoc
369 886 466 914 esse
503 885 628 914 nemo
666 872 884 923 concedet,
932 871 965 912 si
1009 868 1291 926 reputaverit,
1334 870 1435 913 inde
1474 884 1501 912 a
1533 871 1755 925 Tarquinii
1823 890 1827 893 f
1870 874 1880 898 s

184 981 191 987 ,
244 940 427 997 Superbi
459 940 575 995 regis
606 943 751 983 aetate
782 940 826 982 in
859 943 1018 994 quanto
1053 940 1213 983 honore
1236 938 1431 992 Sibyllae
1451 939 1609 982 fuerint
1639 939 1756 995 apud
1827 927 1836 943 ²
1915 913 1944 939 ³⁶³

243 1009 472 1051 Romanos.

357 1079 421 1120 De
453 1078 620 1120 Latona
651 1090 763 1131 quae
795 1090 891 1119 cum
928 1077 1074 1119 multis
1111 1077 1208 1119 aliis
1241 1077 1308 1119 dis
1338 1077 1382 1119 in
1416 1077 1570 1120 Bacch.
1601 1091 1640 1120 v.
1671 1077 1754 1120 893
1783 1099 1788 1102 -

241 1145 466 1188 invocatur
498 1144 644 1188 confer
678 1145 794 1200 quod
825 1144 976 1188 Livius
1006 1144 1051 1187 in
1081 1144 1191 1187 libro
1226 1147 1262 1187 5.
1295 1145 1347 1187 13
1387 1144 1445 1187 ad
1482 1158 1641 1188 annum
1672 1145 1755 1188 396

241 1229 278 1257 a.
310 1214 407 1257 Chr.
450 1213 523 1269 (cf.
559 1215 649 1257 Liv.
682 1214 748 1257 25.
784 1214 852 1269 12)
897 1213 1047 1256 tradit:
1089 1214 1343 1268 „Duumviri
1374 1214 1510 1256 sacris
1540 1213 1756 1256 faciundis

241 1282 502 1326 lectisternio
535 1285 636 1326 tunc
685 1282 871 1338 primum
915 1282 960 1325 in
1003 1281 1107 1325 urbe
1137 1282 1335 1325 Romana
1375 1281 1491 1325 facto
1535 1295 1614 1338 per
1656 1277 1754 1325 octo
1805 1317 1817 1326 .

240 1352 334 1394 dies
365 1352 608 1406 Apollinem
632 1353 929 1405 Latonamque
953 1355 995 1393 et
1025 1352 1212 1393 Dianam
1244 1384 1252 1393 .
1285 1384 1293 1394 .
1325 1352 1593 1406 placavere“.
1637 1351 1758 1393 Zosi-

242 1434 335 1463 mus
370 1434 541 1476 quoque
573 1420 629 1464 II.
664 1421 688 1464 5
719 1420 763 1463 in
795 1420 1011 1464 Aventino
1044 1419 1084 1464 ei
1116 1419 1403 1464 sacrificatum
1428 1432 1526 1464 esse
1557 1422 1755 1463 testatur:

240 1484 403 1531 θύουσι
435 1488 483 1531 δὲ
512 1491 640 1540 θεοῖς
677 1481 1026 1546 Atl›noc1{‘'H9q
1066 1486 1145 1530 καὶ
1183 1481 1450 1530 Ἀπόλλωνι
1491 1486 1569 1530 καὶ
1606 1489 1758 1545 Λητοῖ

241 1555 321 1599 καὶ
348 1550 593 1615 Ἀρτέμίδι
624 1554 738 1611 me„-
769 1558 826 1600 ad
858 1558 972 1612 quod
994 1560 1139 1601 autem
1161 1561 1331 1613 tempus
1355 1557 1462 1600 haec
1484 1556 1619 1600 verba
1650 1557 1757 1599 refe·
1800 1573 1803 1576 ·
1838 1587 1840 1590 -

241 1627 378 1670 renda
412 1627 497 1670 sint
526 1627 756 1670 nescimus.
819 1628 868 1670 In
904 1627 1058 1669 Plauto
1099 1626 1153 1669 de
1186 1626 1366 1669 Graecis
1407 1640 1503 1669 eam
1541 1629 1756 1681 sumptam

241 1709 337 1739 esse
369 1710 452 1740 non
483 1709 661 1739 necesse
695 1699 760 1739 est
792 1699 1040 1739 statuamus.

358 1765 482 1817 Quod
513 1765 571 1808 ad
604 1765 790 1808 Dianam
821 1765 1001 1815 attinet,
1047 1777 1159 1820 quae
1201 1765 1245 1807 in
1275 1764 1432 1808 Bacch.
1476 1778 1513 1807 v.
1547 1743 1756 1807 3072'312
1837 1820 1866 1824 >-

241 1838 283 1877 et
312 1834 356 1876 in
386 1834 473 1877 Mil.
504 1835 559 1889 gl.
590 1847 628 1876 v.
653 1835 736 1875 411
762 1837 956 1890 apparet,
987 1833 1093 1875 satis
1120 1836 1184 1875 est
1205 1833 1398 1887 Ussingii
1423 1834 1558 1876 verba
1586 1833 1757 1887 legisse,

242 1903 314 1957 qui
346 1904 388 1945 in
423 1903 734 1946 commentario
766 1916 845 1945 suo
870 1902 924 1945 de
946 1902 1075 1945 rebus
1097 1901 1179 1944 huc
1210 1901 1522 1957 pertinentibus
1543 1901 1756 1945 uberrime
1782 1921 1785 1926 ’

240 1970 489 2026 disputavit.
551 1971 705 2025 Neque
736 1984 840 2013 vero
872 1973 988 2014 recte
1019 1970 1267 2026 Anspachio
1300 1970 1386 2026 (De
1419 1969 1575 2013 Bacch.
1616 1970 1757 2013 Plaut.

241 2043 455 2082 retractat.
489 2053 629 2083 scaen.
661 2041 838 2082 Bonnae
873 2039 981 2082 1882
1006 2054 1045 2095 p.
1071 2039 1141 2095 16)
1173 2053 1324 2082 versus
1346 2040 1574 2081 312—314
1596 2038 1752 2081 Bacch.

240 2122 325 2151 non
356 2109 542 2152 Plautini
575 2109 775 2152 videntur
806 2122 922 2165 esse3
965 2121 1087 2164 „esse
1124 2107 1321 2163 dubium,
1363 2108 1486 2164 dicit,
1529 2121 1630 2150 num
1668 2103 1755 2149 ia'm

240 2183 329 2220 tum
360 2180 567 2234 templum
598 2179 768 2221 Dianae
791 2178 1010 2234 Ephesiae
1042 2177 1248 2220 Romanis
1280 2177 1342 2220 ita
1372 2177 1500 2220 fuerit
1529 2180 1687 2230 notum,
1708 2166 1805 2222 uts
1856 2186 1944 2245 ’ᾗ

242 2247 387 2289 statim
419 2248 674 2302 intellegere
707 2251 886 2303 possent
929 2247 1043 2302 quod
1075 2250 1204 2302 poeta
1235 2246 1433 2289 diceret.“
1493 2247 1605 2289 Nam
1636 2246 1753 2288 nullo

240 2316 368 2358 modo
401 2319 554 2372 putare
586 2330 819 2372 possumus
850 2330 961 2359 anno
1002 2316 1082 2358 189
1115 2329 1152 2359 a.
1184 2315 1281 2359 Chr.
1318 2330 1355 2358 n.
1395 2328 1477 2370 quo
1515 2312 1756 2358 Bacchides

241 2384 284 2426 in
317 2398 476 2427 scaena
507 2386 817 2442 produceretur
853 2385 1061 2441 templum
1093 2377 1315 2440 Ephesiae
1346 2383 1516 2426 Dianae
1548 2383 1756 2426 Romanis

240 2452 429 2507 ignotum
460 2454 608 2511 fuisse,
639 2454 711 2510 qui
743 2455 811 2497 his
842 2454 951 2511 ipsis
979 2453 1106 2497 annis
1147 2453 1370 2496 192—189
1410 2467 1505 2497 cum
1542 2452 1754 2496 Antiocho

240 2522 284 2563 in
315 2523 422 2565 Asia
452 2524 612 2566 bellum
644 2528 883 2578 gesserant.

360 2591 671 2635 Convertamus
703 2605 817 2635 nunc
849 2591 1023 2647 quidem
1056 2591 1224 2634 animos
1262 2590 1318 2634 ad
1350 2590 1496 2633 sidera
1522 2603 1756 2645 eorumque
1825 2591 1828 2593 ’
1865 2575 1944 2652 J?

221 2659 407 2703 ¹cultum
440 2660 764 2716 videamusque,
797 2675 896 2703 num
942 2660 1051 2710 haec
1083 2660 1227 2703 omnia
1266 2660 1323 2701 dii
1355 2660 1424 2702 vel
1463 2660 1573 2702 deae
1605 2658 1786 2702 habita.
1857 2672 1944 2714 η
