1944 2904
855 80 996 167 -77'2
1057 137 1112 144 -

0 208 56 284 ’.ἷζῗέ
105 258 131 271 -7
197 227 391 283 ·origine
420 221 464 272 et
494 229 764 283 educatione,
794 241 891 270 cum
912 228 1040 281 v'olgo
1062 239 1143 269 usu
1165 209 1436 270 coniunctior
1464 193 1580 283 erat,

108 287 111 292 ¹
155 315 159 319 ·
224 309 310 337 ιιοιι
341 297 557 352 miramur,
587 296 705 352 quod
734 295 867 338 alium
898 296 942 337 in
973 295 1042 337 his
1073 295 1201 338 rebus
1232 302 1364 350 quam
1395 285 1476 337 hio
1487 284 1734 352 locumve&

194 364 349 421 -tinet;
392 379 493 408 nam
537 365 709 408 etiamsi
751 365 979 407 Terentius
1028 375 1179 406 servus
1221 368 1314 405 erat
1358 363 1550 407 Terenti.
1569 364 1635 422 Lu
1657 420 1671 424 Γ

224 433 457 489 senatoris,
509 437 656 477 tamen
697 433 754 476 ab
795 433 972 476 ineunte
1014 435 1160 476 aetate
1210 433 1256 474 ut
1303 424 1485 475 libertus
1526 422 1742 505 educam

225 504 380 558 postea
410 514 507 545 cum
538 502 683 545 multis
713 501 930 545 nobilibus
961 499 1230 544 familiariter
1260 499 1389 553 vixit,
1418 498 1553 545 fertur
1570 486 1736 559 vixistis&

224 571 413 615 maxime
444 584 540 617 cum
572 567 779 626 Scipione
808 569 1014 613 Africano
1059 574 1102 614 et
1132 568 1301 624 Laelio,
1344 581 1428 623 quo
1467 563 1656 626 factum

226 642 272 681 ut
301 652 397 682 cum
428 638 660 694 religiones
681 638 799 693 volgi
820 641 863 680 et
884 637 1093 680 nobilium
1114 637 1192 680 illa
1212 642 1359 681 aetate
1380 633 1511 680 valde
1532 631 1736 688 diversae

223 707 336 751 inter
378 720 426 750 se
457 711 620 761 essent,
663 706 854 762 speciem
897 706 941 748 in
972 706 1056 748 hac
1087 719 1135 748 re
1165 720 1193 748 a
1224 706 1380 748 Plauto
1423 684 1734 754 alienissimam

224 774 444 832 praebeat.
487 774 545 817 Ut
575 773 689 818 enim
721 773 839 829 apud
869 772 982 817 hunc
1012 773 1057 816 di
1088 773 1285 828 deaeque
1316 786 1525 816 summam
1553 767 1726 817 aucton'

224 846 356 887 tatem
399 843 562 886 habent
592 857 673 885 nec
705 842 936 898 quicquam
979 842 1063 886 nisi
1105 856 1231 899 „cum
1271 842 1339 885 dis
1375 842 1667 892 volentibus“
1677 832 1735 906 ιιι,

224 912 521 967 formulaeque
562 912 666 954 illae
697 912 785 967 „ita
817 924 885 953 me
917 911 959 953 di
1000 912 1109 955 bene
1147 914 1310 966 ament,
1312 911 1335 934 “
1376 915 1419 954 et
1445 910 1517 970 „di
1558 914 1603 955 te
1635 912 1734 974 per-

224 980 354 1024 dant“
395 980 617 1023 similesve
661 979 803 1024 milies
844 979 969 1023 nobis
1011 983 1237 1032 occurrunt
1278 983 1322 1023 et
1361 979 1520 1023 fiducia
1554 979 1770 1031 deorum

223 1049 296 1104 qui
316 1048 445 1093 rebus
474 1048 676 1093 humanis
701 1048 930 1093 consulant
949 1051 1080 1104 atque
1105 1048 1361 1104 provideant
1380 1054 1446 1093 est
1475 1046 1778 1101 firmlssuna,
1742 1082 1798 1112 „⁴

222 1117 284 1161 sic
316 1117 549 1161 Terentius
571 1132 657 1162 non
689 1117 830 1161 solum
850 1118 985 1162 multo
1007 1118 1146 1162 rarius
1169 1132 1299 1172 quam
1329 1117 1403 1161 ille
1423 1116 1530 1161 deos
1551 1114 1746 1185 commeg.

221 1189 378 1241 morat,
420 1186 499 1230 sed
541 1186 713 1239 οιιιιιιιιο
756 1185 801 1228 ιιι
844 1186 913 1229 his
956 1186 1085 1229 rebus
1124 1186 1355 1240 languidus
1398 1189 1466 1229 est
1507 1189 1553 1229 et
1592 1191 1734 1243 paene

221 1252 417 1309 frigidus.
492 1253 637 1306 Quare
680 1254 724 1297 in
768 1253 850 1297 hoc
892 1253 1040 1298 libello
1080 1254 1269 1297 maxime
1312 1254 1513 1297 Plautum
1554 1250 1774 1312 tractarit·

222 1327 559 1371 consentaneum
583 1328 660 1379 est,
674 1324 850 1367 Terenti
871 1324 1181 1367 sententiarum
1197 1324 1410 1366 interdum
1423 1326 1588 1366 tantum
1601 1329 1770 1372 unam
1791 1336 1794 1338 “

219 1391 458 1435 alteramve
490 1396 565 1435 aut
594 1392 651 1435 ad
684 1392 972 1448 supplendum
1003 1395 1078 1435 aut
1109 1392 1227 1447 quod
1257 1405 1335 1449 per
1365 1405 1413 1435 se
1444 1379 1648 1438 notabilis
1673 1390 1759 1445 sit

218 1460 347 1505 adici.
1749 1463 1792 1529 ,ζ

320 1529 422 1574 Sed
464 1530 551 1573 iam
601 1530 660 1573 ad
704 1530 875 1585 singula
918 1529 1178 1574 accedentes
1220 1530 1387 1573 initium
1426 1529 1540 1573 unde
1577 1504 1776 1587 melius

216 1598 440 1655 capiemus
473 1613 602 1654 quam
635 1614 663 1642 a
694 1599 929 1655 sacrificiis,
961 1613 1074 1654 quae
1095 1599 1283 1643 omnium
1306 1599 1560 1655 religionum
1583 1584 1780 1647 funda·
1761 1630 1763 1632 v

216 1670 366 1711 menta
397 1671 496 1711 sunt
527 1681 668 1723 eaque
699 1668 766 1711 ita
786 1668 1048 1723 necessaria,
1079 1672 1126 1711 ut
1148 1668 1240 1712 sine
1263 1667 1484 1711 sacrificiis
1511 1663 1756 1723 quaelibet*
1777 1671 1796 1727 j„

214 1736 367 1791 religio
398 1736 571 1779 omnino
602 1737 720 1779 nulla
752 1750 849 1780 esse
881 1737 1093 1780 videatur.
1779 1729 1784 1733 ”

330 1806 379 1849 In
411 1805 610 1848 omnibus
641 1805 865 1849 sacrificiis
886 1805 1188 1849 discernuntur
1209 1809 1313 1848 exta
1334 1809 1377 1849 et
1397 1805 1593 1861 viscera;
1620 1787 1763 1869 haec

213 1873 409 1929 eduntur,
439 1874 517 1916 illa
539 1887 651 1929 quae
672 1886 727 1917 ex
749 1874 863 1927 felle,
894 1875 1117 1930 pulmone,
1139 1874 1281 1929 corde,
1313 1877 1497 1929 omento,
1518 1875 1724 1931 constant·
1759 1867 1761 1869 ’

211 1941 297 1985 diis
311 1943 581 1998 pollucentur
590 1942 939 1998 etcremantur31)
953 1942 1054 1985 vide
1064 1943 1157 1984 Mal
1160 1956 1267 1997 qual
1269 1942 1326 1998 dt
1339 1942 1554 1985 romische
1563 1933 1750 1997 Βιαειέέ
1759 1936 1862 2006 ς,”“

209 2011 489 2066 verwaltung
532 2011 617 2053 1112
660 2026 700 2066 p.
740 2013 835 2054 176.
900 2010 1025 2062 Quod
1055 2010 1288 2054 discrimen
1320 2006 1532 2066 Plautus,
1555 2009 1778 2057 etiams}

209 2080 469 2123 vocabulum
500 2080 725 2135 „viscera“
768 2079 885 2123 haud
917 2080 959 2123 ei
989 2079 1184 2135 ignotum
1217 2084 1300 2134 est,
1344 2084 1491 2124 tamen
1520 2092 1607 2124 non
1627 2067 1730 2123 ser*

303 2230 328 2273 ¹)
364 2228 422 2266 Cf.
446 2228 650 2264 Lnebberti
676 2229 1020 2265 commentationes
1042 2228 1297 2278 pontificales,
1322 2228 1443 2265 Berol.
1471 2232 1558 2266 1859
1583 2239 1623 2274 p.
1645 2232 1729 2267 122:

207 2286 361 2334 ‚Fuisse
387 2286 576 2331 quaedam
602 2285 821 2322 sacrificla
810 2298 850 2322 m
869 2287 1008 2331 quibus
1026 2287 1132 2322 salva
1144 2286 1329 2338 religione
1355 2287 1453 2322 exta
1469 2295 1617 2331 quoque
1641 2294 1728 2340 pro..

207 2332 333 2379 sanari
359 2344 519 2386 soleant,
545 2344 649 2380 Festi
675 2343 846 2380 definitio
871 2356 907 2389 p
934 2349 1002 2380 250
1020 2345 1216 2400 ostenditx.
1231 2344 1461 2389 „prodigua‘s
1478 2342 1637 2389 hostias*
1644 2335 1728 2384 esse

138 2395 143 2400 ⁴
207 2411 302 2445 quae
329 2403 639 2444 consumantur-fl
673 2410 770 2447 quae
798 2413 1028 2447 quamquam
1051 2401 1152 2438 iusto
1176 2401 1352 2438 breviora
1377 2402 1481 2443 sunt,
1513 2412 1572 2450 res
1594 2385 1726 2454 tamen

138 2460 162 2485 Β
207 2457 334 2501 docet,
361 2458 408 2494 de
434 2457 595 2505 integris
620 2458 790 2496 victimis
815 2458 1078 2506 intellegenda
1092 2455 1187 2496 esse.
1213 2450 1468 2497 plurimorum
1481 2458 1595 2506 longe
1611 2439 1723 2497 sm&

205 2513 376 2564 ficiorum
400 2515 495 2552 haec
519 2512 616 2552 ratio
633 2516 716 2561 fuit,
741 2518 788 2553 ut
815 2519 902 2554 exta
918 2517 1055 2563 quibus
1074 2517 1228 2553 litatum
1254 2518 1363 2561 esset,
1390 2515 1463 2553 diis
1486 2512 1722 2568 politicorum?

201 2575 279 2618 tur,
305 2573 456 2611 viscera
480 2574 516 2611 h.
544 2586 576 2611 e.
604 2586 735 2612 carnes
759 2575 919 2622 profano
945 2575 1030 2612 usui
1061 2574 1214 2612 reddita
1243 2587 1266 2610 a
1289 2574 1429 2623 populo
1463 2577 1644 2612 consume

200 2634 275 2669 tur
277 2633 300 2653 “
350 2632 407 2668 De
433 2631 621 2668 eiusmodi
646 2633 768 2669 sacrifi
784 2633 853 2670 ciis
880 2635 980 2680 apud
1003 2634 1180 2670 Plautum
1205 2632 1453 2680 cogitandum
1475 2644 1568 2669 non
1575 2635 1643 2693 est.

2 2749 10 2760 τ
29 2741 63 2771 ς’ῥῖ
