1944 2904
820 146 1103 191 ..51-

214 257 388 302 nomina
409 255 553 302 omnia
571 259 607 302 si
628 259 694 303 vis
715 259 772 303 ad
794 274 924 304 unam
937 261 1145 306 Venerem
1167 260 1328 306 referre
1349 260 1504 317 possis.
1541 260 1719 307 Poetam

214 329 361 369 autem
393 327 517 369 Musa
547 341 708 384 procax
745 329 890 384 paullo
921 329 1090 384 longius
1122 329 1244 372 duxit
1275 333 1317 372 et
1349 330 1496 373 Ludus
1528 330 1633 385 quid
1664 331 1719 372 sit

216 395 536 439 Suavisaviatio
575 397 747 441 nescius
782 401 922 454 rogat:
962 398 1054 454 „An
1090 399 1197 442 deus
1228 389 1294 442 est
1324 399 1436 442 ullus
1467 398 1544 455 S.“,
1586 413 1719 455 quare

213 463 477 514 Pistoclerus
499 465 748 523 vituperans
769 465 1021 523 respondet:
1064 466 1124 523 „I,
1158 467 1327 510 stultior
1348 481 1394 511 es
1426 468 1609 511 barbaro
1641 482 1720 525 pu-

211 532 369 590 ticio,¹)
413 535 485 590 qui
520 538 666 579 tantus
702 539 805 579 natu
836 537 1013 579 deorum
1043 537 1185 580 nescis
1214 537 1431 579 nomina.“
1463 562 1518 567 —
1561 537 1718 581 Conse-

212 602 345 646 cratio
376 606 519 648 autem
550 604 706 648 Libani
735 604 779 648 in
810 604 929 649 Asin.
959 618 1087 649 versu
1118 619 1149 649 s.
1181 618 1211 648 S.
1246 605 1317 661 (cf.
1347 604 1592 661 ,‚Servitus“
1622 606 1718 660 306,

209 672 470 727 „Lubentia“
506 673 608 730 268)
653 687 706 719 ex
747 674 1017 731 penitissimo
1056 676 1343 718 Romanorum
1387 675 1558 730 ingenio
1596 675 1719 718 fluxit

211 739 281 796 (cf.
302 741 509 785 Ribbeck.
540 743 585 785 in
616 756 722 786 mus.
751 743 869 787 rhen.
900 743 981 787 vol.
1014 745 1079 786 37.
1106 758 1145 799 p.
1177 744 1233 788 54
1260 747 1301 786 et
1330 743 1490 786 Nissen
1519 744 1544 786 l.
1567 744 1591 787 i.
1606 758 1648 800 p.
1662 743 1717 799 8).

211 835 264 840 —
296 809 527 855 Fortunam
566 812 799 868 praecipue
836 813 994 855 bonam
1038 812 1164 856 deam
1207 826 1303 856 esse
1341 826 1395 856 ex
1433 812 1579 855 multis
1609 813 1717 856 locis

210 880 429 937 apparuit3
459 882 536 925 sed
565 882 706 939 ipsam
737 882 898 925 Malam
930 883 1163 926 Fortunam
1193 882 1432 939 reperimus
1463 882 1507 925 in
1537 882 1647 926 Rud.
1678 897 1717 925 v.

210 948 310 991 501:
342 975 394 980 —
435 954 532 994 sunt
558 952 690 996 verba
722 952 929 996 Labracis
962 977 1013 982 —
1046 952 1230 1008 „Malam
1253 952 1485 995 Fortunam
1518 952 1561 994 in
1592 950 1716 995 aedis

208 1021 250 1061 te
290 1018 451 1062 adduxi
493 1020 650 1063 meas.‘⁴
711 1021 837 1077 Apud
869 1021 1116 1078 Terentium
1161 1033 1263 1063 vero
1296 1021 1485 1063 Fortuna
1516 1021 1625 1063 solet
1655 1020 1717 1062 in-

209 1090 326 1130 certa
369 1101 485 1144 esse,
523 1089 884 1144 quemadmodum
927 1089 970 1133 in
1001 1089 1173 1133 Phorm.
1209 1102 1248 1132 v.
1279 1090 1380 1132 841:
1423 1089 1483 1144 „O
1515 1089 1714 1144 Fortuna,

209 1168 233 1197 o
264 1156 370 1198 Fors
401 1157 602 1212 Fortuna,
634 1158 805 1212 quantis
843 1157 1234 1212 commoditatibus,
1267 1156 1404 1208 Quam
1443 1157 1584 1200 subito
1617 1169 1712 1200 meo

208 1238 281 1268 ero
312 1225 548 1281 Antiphoni
587 1240 669 1283 ope
705 1230 850 1270 vostra
892 1227 1003 1270 hunc
1046 1226 1256 1271 onerastis
1295 1226 1451 1283 diem,“
1494 1238 1620 1282 quem
1656 1225 1713 1269 ad

207 1307 377 1338 versum
410 1296 604 1338 Donatus
641 1296 758 1339 haud
788 1296 952 1340 insulse
986 1296 1180 1339 adnotat:
1211 1296 1423 1351 „Fortuna
1453 1299 1520 1338 est
1549 1295 1713 1338 incerta

206 1375 287 1419 res,
317 1364 422 1408 Fors
455 1364 644 1409 Fortuna
674 1368 854 1409 eventus
884 1365 1080 1409 fortunae
1114 1365 1293 1422 bonus;“
1314 1364 1552 1409 'Terentius
1582 1363 1712 1420 igitur

206 1445 254 1475 se
284 1433 378 1488 ipse
410 1433 534 1487 quasi
566 1435 781 1489 corrigens
812 1434 869 1477 ad
897 1435 1135 1489 „Fortuna⁴‘
1173 1434 1295 1476 addit
1324 1434 1454 1488 „Fors
1486 1434 1712 1477 Fortuna.“

205 1499 413 1556 Idemque
444 1502 636 1545 Donatus
680 1502 737 1545 ad
767 1499 966 1558 Hecyrae
1002 1516 1041 1545 v.
1071 1503 1173 1546 386:
1212 1502 1426 1557 „Fortuna
1461 1501 1506 1544 in
1535 1501 1711 1556 incerto,

203 1569 309 1612 Fors
339 1571 527 1613 Fortuna
557 1571 601 1612 in
632 1571 742 1614 bono
774 1570 987 1627 ponitur,“
1030 1584 1170 1626 neque
1207 1571 1265 1613 ad
1302 1569 1497 1613 eiusdem
1534 1569 1710 1613 fabulae

202 1650 373 1681 versum
410 1639 511 1682 406:
565 1638 625 1695 „O
664 1639 866 1695 Fortuna,
903 1642 949 1682 ut
978 1652 1198 1696 nunquam
1242 1641 1451 1695 perpetuo
1496 1652 1543 1683 es
1581 1638 1710 1682 data“

203 1706 347 1748 omisit
379 1706 538 1750 dicere:
579 1707 674 1763 „hic
706 1708 940 1751 Fortunam
972 1721 1048 1764 pro
1079 1709 1194 1751 bona
1224 1707 1406 1763 posuit.“
1465 1707 1579 1750 Nam
1612 1719 1707 1750 cum

202 1773 377 1817 Terenti
417 1788 535 1819 more
578 1775 659 1819 hoc
701 1790 785 1820 non
829 1776 1126 1820 conveniebat.
1185 1776 1243 1820 Ut
1284 1789 1387 1819 vero
1425 1776 1617 1820 Fortuna
1647 1776 1709 1821 sic

201 1842 308 1886 Fors
339 1856 510 1899 quoque
542 1844 634 1889 sola
655 1845 798 1902 posita
822 1845 993 1890 videtur
1018 1845 1152 1889 fuisse
1171 1843 1348 1889 incerta.
1390 1843 1576 1902 Scripsit
1597 1844 1710 1889 enim

202 1911 430 1956 Terentius
460 1913 503 1956 in
524 1913 693 1958 Phorm.
715 1928 754 1959 v.
771 1916 871 1959 138:
902 1914 1051 1971 „Quod
1073 1915 1180 1958 Fors
1210 1914 1329 1969 feret,
1360 1913 1549 1958 feremus
1569 1928 1709 1970 aequo

201 1980 386 2038 animo;“
428 1994 555 2037 quem
584 1996 758 2027 versum
790 1983 827 2027 si
856 1983 1040 2040 legimus
1069 1982 1199 2027 facile
1229 1981 1507 2027 recordamur
1537 1983 1711 2028 Menan-

201 2048 322 2092 drum
354 2063 524 2105 quoque
556 2052 812 2108 saepissime
842 2066 921 2095 nos
951 2052 1185 2096 admonere
1216 2055 1262 2094 ut
1283 2050 1558 2095 difficultates
1579 2052 1709 2095 huius

199 2118 314 2162 vitae
337 2119 521 2163 libenter
550 2121 851 2177 patienterque
870 2122 1104 2165 toleremus
1126 2134 1235 2164 neve
1257 2121 1385 2164 nimis
1407 2121 1708 2177 indulgeamus

200 2186 349 2230 dolori.
411 2187 529 2240 Quos
566 2188 685 2232 locos
721 2193 767 2232 ut
799 2202 1033 2246 cognoscas
1068 2188 1204 2232 adeas
1237 2188 1273 2232 si
1305 2189 1447 2246 placet
1476 2189 1523 2232 P.
1553 2190 1711 2234 Wend-

201 2256 337 2299 lerum
369 2258 442 2312 qui
480 2257 522 2301 in
554 2259 699 2302 libello
736 2259 805 2302 cui
839 2259 988 2302 titulus
1026 2262 1108 2303 est:
1150 2258 1323 2302 Mediae
1364 2272 1417 2302 ac
1459 2260 1708 2304 recentioris

202 2326 453 2369 comoediae
486 2326 644 2371 atticae
669 2331 825 2385 poetae
850 2327 955 2383 quid
975 2328 1030 2372 de
1050 2327 1117 2371 dis
1131 2327 1344 2371 senserint
1365 2327 1564 2383 (Gorlicii
1580 2328 1708 2385 1870)

198 2394 422 2440 Menandri
454 2409 624 2452 quoque
654 2410 808 2441 versus
838 2397 922 2440 huc
953 2398 1218 2453 pertinentes
1250 2412 1289 2454 p.
1320 2398 1489 2441 37—44
1520 2398 1710 2442 contulit.

314 2466 382 2508 De
414 2465 623 2508 Mercurio
666 2466 854 2510 breviter
885 2479 1100 2523 exponere
1131 2466 1248 2510 licet:
1290 2479 1317 2509 a
1343 2466 1548 2510 Romanis
1577 2470 1709 2512 antea

293 2604 318 2646 ¹)
343 2603 400 2638 Ex
418 2603 688 2639 emendatione
706 2603 935 2640 Buecheler-i
960 2604 998 2639 in
1023 2614 1115 2640 mus.
1130 2605 1233 2640 rhen.
1253 2615 1289 2640 V.
1308 2609 1362 2647 37,
1388 2608 1454 2641 530
1481 2604 1546 2650 qui
1563 2604 1707 2650 primus

197 2658 290 2697 haec
315 2660 435 2696 verba
459 2664 562 2696 recte
587 2660 859 2706 interpretatus
886 2665 953 2698 est.

1456 2721 1499 2755 4²11
