1944 2904
816 145 867 152 -.
919 121 973 163 59
1032 144 1087 152 .-

199 236 327 283 factis
369 237 486 280 fuam
526 239 677 292 ,Teque
719 236 778 280 ad
819 240 989 293 patrem
1031 249 1127 279 esse
1171 239 1381 278 mortuom
1430 233 1705 278 renuntiem.“

200 306 390 351 Primum
422 305 596 362 quidem
627 304 760 350 Linus
790 304 896 349 artis
928 304 1117 359 musicae
1155 304 1363 361 magister
1399 317 1497 347 cum
1528 301 1702 347 Herculi

116 359 119 361 Δ
149 401 152 404 -
198 375 413 431 discipulo
445 376 618 431 alapam
648 375 857 429 dedisset,
887 374 942 417 ab
963 374 1045 417 hoc
1065 375 1177 417 irato
1198 374 1295 431 lyra
1314 374 1433 417 humi
1460 377 1702 429 prostratus

97 456 99 458 ’
150 472 153 475 -
201 447 278 487 681.
330 443 468 496 Quam
490 457 579 487 rem
611 442 764 501 postea
793 442 838 486 111
867 442 1007 487 16611111
1028 456 1199 486 versam
1221 455 1317 487 esse
1348 442 1452 485 dicit
1484 441 1702 497 Welcker,

161 558 163 560 ,
201 513 261 556 kl.
291 512 410 557 Schr.
440 513 472 556 Ι.
502 528 543 569 p.
574 514 642 556 46.
701 512 961 555 Phoenicem
998 517 1142 555 autem
1182 512 1430 567 Amyntoris
1466 511 1598 554 filium
1631 525 1702 554 ex-

196 581 339 625 sulem
368 581 486 625 fama
517 581 684 625 ferebat
714 581 771 624 ad
802 580 980 625 Peleum
1012 580 1146 623 ivisse
1177 580 1233 624 ab
1265 593 1402 636 eoque
1423 579 1584 622 Achilli
1614 579 1700 622 filio

89 696 92 698 ,
199 650 374 711 Troiam
404 650 695 706 proficiscenti
725 650 871 691 datum
909 662 1024 704 esse,
1073 663 1156 703 quo
1200 649 1272 691 ille
1309 650 1353 691 in
1396 649 1523 690 rebus
1560 647 1702 689 dubiis

148 728 150 730 ’
199 717 339 762 3111166
371 722 414 762 61
449 717 694 762 661181113116
716 720 919 762 uteretur.
961 716 1048 761 Sed
1070 716 1237 761 Achille
1259 719 1423 761 mortuo
1446 716 1502 760 ad
1524 716 1702 761 Peleum

198 787 382 834 rediisse
420 801 518 830 eum
546 788 673 842 eique
705 787 781 829 filii
808 791 988 829 mortem
1016 786 1239 829 nuntiasse
1269 786 1313 827 id
1340 786 1454 840 quod
1487 799 1541 828 ex
1572 785 1705 827 versi-

199 855 280 899 bus
331 855 476 900 allatis
526 855 780 900 concludere
833 855 1040 899 debemus
1088 854 1230 898 nullus
1279 857 1472 899 veterum
1524 853 1705 910 scriptor

199 924 344 969 tradit.
402 925 470 968 Ex
501 939 584 980 quo
617 925 823 982 scriptore
855 920 1038 968 Plautus
1081 924 1162 968 hoc
1193 924 1426 980 sumpserit
1468 923 1703 979 nescimus,

199 998 384 1039 tractata
414 999 559 1038 autem
602 999 697 1039 erat
727 996 837 1038 11366
867 994 1020 1038 fabula
1061 994 1116 1037 ab
1148 994 1356 1049 Euripide
1394 994 1467 1050 (cf.
1498 993 1704 1037 Welcker

199 1062 254 1108 de
277 1062 437 1110 Graec.
466 1066 642 1121 tragp.
674 1063 756 1107 803
769 1063 900 1107 -809
932 1076 1061 1120 quem
1091 1063 1162 1107 hic
1192 1063 1307 1106 locus
1339 1063 1545 1118 fugerat),
1588 1062 1704 1105 Stra-

197 1136 316 1188 tone,
358 1132 542 1188 Eubulo,
586 1146 765 1188 quorum
805 1146 829 1176 e
872 1133 1122 1188 fragmentis
1163 1132 1208 1175 111
1250 1133 1391 1175 16611111
1433 1132 1555 1174 11111111
1597 1132 1703 1173 1111111

200 1196 456 1258 proficimus.
489 1227 540 1234 —
572 1202 638 1244 De
670 1201 868 1244 Herculis
900 1201 1017 1244 cultu
1049 1213 1252 1258 compara
1282 1201 1411 1244 Macr.
1444 1200 1521 1243 Sat
1552 1200 1625 1243 HI.
1658 1202 1699 1255 73

190 1273 353 1327 operto
385 1270 529 1327 capite
560 1275 607 1313 ut
637 1283 729 1314 mos
761 1270 1025 1314 Graecorum
1056 1274 1168 1326 erat,
1211 1270 1250 1313 ei
1283 1269 1571 1313 sacrificatum
1603 1282 1701 1313 esse

197 1339 284 1382 iam
315 1352 447 1394 supra
476 1339 674 1383 vidimus.
733 1339 942 1383 Hercules
973 1342 1118 1383 31116111
1150 1338 1263 1382 Caco
1304 1339 1562 1395 interempto
1603 1351 1700 1381 cum

196 1407 252 1451 ab
283 1407 483 1451 Euandro
515 1422 681 1452 summa
713 1407 881 1452 laetitia
912 1412 1119 1464 exceptus
1163 1412 1205 1451 et
1247 1411 1293 1451 ut
1336 1407 1443 1451 deus
1490 1408 1701 1451 salutatus

187 1478 323 1532 esset,
353 1477 571 1520 Romanos
601 1477 771 1521 decima
800 1477 993 1534 praedae
1025 1490 1130 1520 suae
1152 1477 1342 1520 donavit.
1383 1477 1512 1521 Unde
1534 1477 1571 1520 si
1603 1477 1699 1532 quis

201 1559 403 1600 magnum
424 1545 589 1588 lucrum
610 1545 773 1589 fecerat
794 1546 865 1589 vel
885 1545 1120 1601 imperator
1140 1545 1306 1601 praeda
1328 1550 1504 1589 onustus
1526 1545 1700 1588 domum

196 1615 446 1669 reverterat,
476 1613 521 1656 in
551 1627 628 1657 ara
660 1613 850 1657 maxima
870 1614 1044 1658 Herculi
1071 1613 1282 1657 decimam
1314 1618 1481 1670 partem
1501 1614 1609 1658 lucri
1629 1614 1701 1658 vel

197 1682 386 1739 praedae
416 1683 813 1738 donarecivesque
856 1684 913 1727 ad
958 1696 1111 1727 cenam
1144 1697 1272 1739 quam
1309 1684 1524 1727 vocabant
1567 1698 1702 1740 popu-

199 1752 329 1794 larem
361 1751 496 1809 (Trin.
526 1765 565 1794 v.
596 1753 696 1804 470)
728 1752 913 1795 invitare
935 1752 1144 1796 solebant.
1186 1752 1252 1795 Ex
1281 1752 1433 1795 Plauto
1458 1753 1540 1795 huc
1573 1753 1703 1809 perti-

196 1824 299 1863 nent
329 1820 372 1862 hi
402 1834 571 1863 versus:
602 1820 757 1864 Bacch.
795 1822 876 1864 665
909 1834 987 1876 sq.:
1032 1821 1106 1874 „Si
1139 1821 1312 1876 frugist,
1342 1822 1571 1866 Herculem
1601 1822 1704 1865 fecit

197 1902 251 1932 ex
286 1892 430 1946 patre:
459 1888 696 1933 Decumam
726 1892 893 1946 partem
925 1890 964 1933 ei
997 1889 1136 1945 dedit,
1179 1889 1261 1933 sibi
1292 1903 1447 1934 novem
1486 1890 1698 1934 abstulit.“

197 1957 375 2019 Ceteros
405 1958 523 2001 locos
551 1958 653 2002 vide
684 1958 799 2014 apud
822 1958 1076 2003 Lorenzium
1096 1958 1165 2003 ad.
1186 1960 1310 2003 Most.
1330 1973 1369 2003 v.
1402 1961 1495 2003 984.
1540 1959 1703 2012 Quodsi

196 2027 391 2082 Scaliger
432 2027 556 2070 Pauli
597 2027 1000 2083 interpretationem
1049 2043 1089 2084 p.
1135 2028 1206 2070 71:
1260 2028 1456 2081 „decima
1504 2043 1702 2084 quaeque

197 2098 369 2139 veteres
401 2095 484 2138 diis
515 2095 604 2138 suis
626 2096 886 2139 offerebant“
911 2096 1163 2152 vituperans
1184 2097 1380 2140 adnotat:
1412 2098 1512 2149 „uni
1538 2101 1703 2140 tantum

199 2163 375 2206 Herculi
404 2163 486 2206 hoc
516 2162 685 2219 fiebat,“
728 2163 967 2206 inconsulto
999 2163 1079 2207 hoc
1123 2163 1244 2209 dicit:
1291 2179 1391 2207 nam
1422 2165 1572 2208 Livius
1603 2166 1646 2207 in
1678 2166 1703 2208 l.

203 2231 252 2275 V.
283 2232 349 2275 21.
390 2231 582 2286 Apollini
614 2245 785 2288 quoque
815 2232 1029 2276 decimam
1059 2236 1204 2276 votam
1235 2246 1333 2277 esse
1365 2234 1501 2278 docet.
1550 2234 1703 2290 Neque

199 2313 302 2344 vero
334 2301 472 2343 solum
503 2300 765 2345 Graecorum
794 2296 1055 2359 βουφάγον1)
1118 2327 1165 2334 -
1201 2302 1244 2345 111
1281 2301 1417 2345 Stichi
1454 2316 1582 2346 versu
1620 2305 1702 2347 223

195 2369 454 2414 Herculeum
468 2369 697 2426 prandium
718 2370 940 2415 luculenta
954 2384 1064 2416 cena
1077 2375 1155 2428 est,
1176 2398 1229 2403 —
1255 2371 1334 2416 sed
1354 2372 1485 2416 etiam
1506 2372 1703 2417 bibacem

290 2542 315 2586 ι)
344 2540 578 2576 insatiabilis
604 2541 743 2577 edendi
769 2544 808 2577 et
831 2542 990 2578 vorandi
1016 2543 1206 2588 cupiditas
1238 2543 1412 2578 Herculis
1445 2543 1629 2589 imprimis
1656 2546 1702 2580 ab

198 2595 427 2643 Epicharmo
460 2596 603 2642 optime
637 2597 830 2644 descripta
869 2601 968 2644 erat;
1007 2599 1049 2635 cf.
1082 2598 1253 2635 Mueller.
1272 2600 1405 2635 Gesch.
1439 2600 1506 2636 der
1532 2613 1585 2647 gr.
1614 2601 1703 2639 Litt.

194 2655 240 2690 11.
265 2660 344 2697 246,
369 2654 524 2691 Richter
549 2655 607 2690 ad.
633 2654 746 2691 Arist.
772 2655 886 2702 vesp.
919 2669 951 2692 V.
985 2663 1046 2699 60,
1072 2658 1164 2692 Ran.
1191 2670 1264 2693 vss.
1290 2664 1483 2700 504—511‚
1511 2665 1703 2696 550-576.
