1944 2904
822 133 1107 176 -35-

7 230 59 262 ψ
97 259 106 273 s
209 245 403 302 „Cupido
424 246 769 291 inconsideratae
792 250 857 291 est
878 248 1162 299 necessitatis,
1195 261 1316 290 amor
1342 247 1553 304 iudicii¹)“
1584 247 1664 290 hoc
1686 261 1714 290 a

205 311 360 363 Plauto
383 315 657 359 observatum
690 329 788 361 esse
819 316 1075 371 videbimus,
1107 330 1160 360 ea
1195 317 1360 360 scilicet
1381 316 1634 360 condicione
1669 331 1718 370 ut

206 383 420 427 coniuncti
462 384 558 428 sint.
619 386 728 428 Nam
762 385 835 429 ubi
866 385 937 429 vel
970 386 1136 441 Cupido
1168 386 1239 429 vel
1270 386 1400 427 Amor
1431 386 1548 428 solus
1580 386 1714 428 nomi-

209 456 335 495 natus
362 457 438 509 est,
468 454 551 496 hoc
583 453 814 497 discrimen
846 454 1009 497 servari
1041 467 1180 510 neque
1211 454 1503 497 necessarium
1542 458 1716 499 estnec

133 524 135 527 “
182 519 382 578 'semper
401 523 550 578 potuit.
595 523 785 566 Primum
817 523 1014 566 conferas
1036 524 1197 566 Persae
1219 537 1389 566 versum
1405 525 1476 565 24:
1509 523 1717 575 „Saucius

206 591 345 634 factus
390 604 483 634 sum
525 592 569 634 in
601 591 782 635 Veneris
819 592 1007 648 proelio:
1039 592 1207 646 Sagitta
1249 605 1322 635 cor
1365 591 1530 648 Cupido
1574 606 1717 635 meum

208 659 445 703 transfixit“
482 664 525 703 et
559 660 676 703 Asin.
707 674 746 703 v.
781 662 879 703 156:
912 660 1072 712 „Fixus
1103 660 1174 703 hic
1205 661 1322 715 apud
1349 673 1431 703 nos
1459 664 1526 703 est
1546 661 1717 703 animus

211 731 311 772 tuos
342 730 465 771 clavo
499 728 752 783 Cupidinis“
785 742 896 784 quae
914 729 1049 771 verba
1080 729 1137 770 ad
1158 729 1289 771 Nonii
1318 728 1718 784 interpretationem

212 797 513 840 illustrandam
546 811 628 840 non
660 797 768 840 nihil
800 798 991 841 afferunt.
1051 797 1221 841 Deinde
1260 797 1436 840 Plautus
1473 797 1713 841 rectissime

210 865 315 908 dicit
345 866 389 908 in
422 866 545 910 Cure.
577 880 616 910 v.
648 868 691 909 3:
735 864 857 919 „Quo
889 865 1034 909 Venus
1067 865 1322 921 Cupidoque
1365 865 1582 922 imperant
1621 879 1715 908 sua-

208 934 368 989 detque
401 936 578 978 Amor:“
610 949 711 978 nam
734 934 918 978 dicendo
942 934 1211 991 „imperant“
1234 934 1488 978 violentiam
1521 935 1719 991 ostendit,

178 1037 182 1042 .
208 1004 418 1055 „suadet“
450 1004 651 1047 addendo
681 1004 1019 1046 moderationem
1053 1003 1276 1058 significat,
1307 1007 1353 1046 ut
1384 1003 1492 1046 bene
1525 1004 1715 1059 explicat

210 1072 386 1115 Servius
428 1072 495 1115 ad.
527 1072 631 1114 Aen.
662 1072 686 1114 l.
726 1074 765 1114 4.
798 1073 891 1114 194.
953 1072 1164 1114 Venerem
1201 1075 1346 1115 autem
1384 1075 1426 1114 et
1457 1071 1713 1127 Cupidinem

209 1139 325 1183 idem
359 1140 448 1183 fere
481 1154 592 1196 esse,
622 1140 740 1183 Asin.
773 1154 945 1195 quoque
975 1154 1125 1183 versus
1157 1141 1240 1183 803
1273 1140 1474 1183 ostendit:
1507 1143 1644 1193 „Tum
1680 1140 1716 1182 si

211 1221 391 1252 coronas
436 1212 551 1252 serta
593 1212 812 1264 unguenta
865 1208 1040 1252 iusserit
1081 1208 1295 1252 Ancillam
1339 1208 1498 1252 Veneri
1548 1208 1717 1252 deferre

211 1282 297 1321 aut
340 1278 582 1334 Cupidini.
614 1282 666 1330 .;“
714 1278 764 1321 cf.
809 1278 967 1321 Catulli
1011 1292 1138 1321 carm.
1182 1280 1245 1321 36.
1292 1280 1334 1330 33
1379 1279 1444 1321 13.
1491 1280 1561 1333 123
1606 1278 1718 1320 hune

211 1350 356 1391 autem
390 1346 648 1403 Cupidinem
692 1360 789 1391 esse
832 1346 1180 1390 inconsideratae
1211 1347 1487 1390 necessitatis
1529 1347 1718 1390 illustrat

208 1416 398 1471 perbene
430 1429 580 1458 versus
612 1417 741 1458 Merc.
774 1416 873 1458 854:
913 1415 976 1468 „O
1009 1416 1174 1470 Cupido
1207 1419 1392 1470 quantus
1425 1429 1483 1458 es.
1526 1416 1639 1457 Nam
1670 1421 1717 1457 tu

126 1531 130 1534 ,
208 1484 404 1540 quemvis
419 1484 700 1528 confidentem
723 1483 857 1527 facile·
883 1484 968 1526 tuis
999 1483 1126 1526 factis
1158 1484 1266 1527 facis
1287 1483 1481 1527 Eundem
1516 1497 1570 1527 ex
1591 1483 1717 1527 confi-

208 1544 334 1596 dente
379 1556 569 1595 actutum
613 1552 882 1595 diffidentem
926 1551 1107 1594 denu0.“
1180 1552 1305 1608 Apud
1349 1552 1567 1595 Romanos
1610 1564 1713 1594 vero

148 1664 150 1666 .
207 1622 351 1664 Amori
384 1626 426 1664 et
458 1620 698 1677 Cupidini2)
730 1621 966 1675 antiquitus
988 1620 1125 1663 divini
1148 1621 1333 1664 honores
1357 1635 1440 1664 non
1469 1625 1567 1664 sunt
1587 1621 1719 1663 tribu-

206 1690 251 1746 ti,
281 1691 358 1734 sed
391 1692 521 1733 Amor
552 1703 648 1733 cum
682 1691 944 1733 Graecorum
964 1682 1133 1746 ’Ἔρωτι
1166 1693 1209 1732 et
1241 1690 1408 1746 Cupido
1442 1704 1538 1733 cum
1558 1682 1713 1746 ‘Ipe'ocp

207 1760 279 1803 vel
309 1755 455 1816 Πόθῳ
487 1763 733 1814 congruont,
765 1759 837 1813 qui
868 1759 911 1801 in
944 1759 1213 1815 mythologia
1242 1759 1468 1801 comoedia
1490 1759 1718 1814 tragoedia

209 1828 378 1872 Graeca
421 1841 553 1884 saepe
597 1828 720 1871 nobis
753 1832 996 1870 occurrunt:
1040 1827 1100 1870 Cf.
1134 1827 1290 1870 Aesch.
1323 1828 1471 1884 Suppl.
1502 1843 1539 1870 v.
1586 1830 1713 1871 1005:

209 1896 479 1940 Μετάκοινοι
492 1895 539 1940 δὲ
553 1893 663 1954 φίλᾳ
683 1894 817 1953 ματρὶ
835 1891 1070 1953 (Κύπριδι)
1091 1892 1301 1954 πάρεισιν
1320 1891 1478 1947 Πόθος
1500 1886 1529 1953 ᾇ
1555 1888 1719 1939 τὀὗδὲν

208 1960 404 2024 ἄπαρνον
443 1964 615 2009 τελέθει
656 1963 864 2022 θέλκτορι
913 1967 1095 2009 Πειθοῖ.
1174 1966 1314 2010 Simili
1363 1966 1488 2008 modo
1540 1966 1718 2008 Plautus

206 2037 329 2079 Most.
372 2050 409 2078 v.
454 2037 536 2078 163
578 2037 780 2078 Amorem
825 2038 868 2078 et
911 2034 1169 2091 Cupidinem
1215 2035 1398 2078 sociavit
1448 2048 1528 2077 nee
1572 2035 1717 2077 Venus

206 2105 304 2162 ipsa
334 2105 485 2161 procul
515 2105 656 2159 abest,
698 2103 745 2146 id
776 2104 890 2158 quod
922 2116 977 2146 ea
997 2104 1051 2146 de
1086 2117 1218 2146 causa
1249 2104 1342 2147 sine
1374 2103 1505 2146 dubio
1538 2104 1639 2146 fecit
1674 2107 1718 2146 ut

206 2173 339 2216 totam
370 2173 530 2216 amoris
563 2176 604 2215 et
634 2171 826 2215 libidinis
848 2171 935 2213 vim
968 2175 1011 2214 et
1031 2172 1269 2227 potentiam
1303 2171 1577 2227 significaret.
1630 2173 1714 2213 Ru-

207 2243 349 2286 dentis
378 2233 554 2286 fabulae
584 2255 756 2284 versum
779 2242 879 2284 704:
912 2235 1154 2293 „Venerem
1176 2254 1229 2284 ex
1252 2241 1418 2284 concha
1439 2244 1584 2283 natam
1616 2253 1714 2283 esse

302 2370 327 2413 ¹)
352 2368 408 2405 Cf.
434 2367 631 2403 Afranium
658 2368 695 2403 in
722 2367 869 2403 Omine:
909 2367 1048 2402 amabit
1085 2367 1247 2411 sapiens,
1287 2367 1441 2410 cupient
1478 2367 1610 2407 eeteri3
1652 2366 1700 2402 cf.

208 2425 394 2461 Ritschel.
421 2435 483 2468 op.
509 2425 557 2467 II,
583 2435 619 2468 p.
634 2428 698 2460 327
726 2434 780 2468 sq.
807 2443 851 2448 ——
876 2424 979 2458 Bene
1006 2423 1145 2457 dicitur
1163 2422 1313 2467 Cupido
1333 2433 1354 2457 a
1371 2423 1520 2458 Catullo
1540 2424 1575 2456 in
1592 2433 1702 2464 carm.

210 2486 265 2518 68.
291 2487 356 2518 133
383 2481 507 2528 (Ellis)
533 2481 632 2516 ‘hinc
658 2481 760 2516 illinc
786 2480 1108 2523 circumcursans‚'
1135 2483 1292 2515 amatam
1319 2479 1520 2515 mulierem.

174 2570 178 2573 Δ
300 2542 329 2584 2)
357 2540 456 2575 Vide
482 2544 606 2575 tamen
631 2538 825 2584 speculum
850 2538 887 2572 in
914 2538 952 2574 C.
978 2538 1007 2574 Ι.
1033 2539 1072 2573 L.
1099 2538 1126 2572 Ι.
1153 2542 1196 2573 58
1223 2548 1257 2582 p.
1285 2542 1327 2573 26
1354 2537 1463 2572 nobis
1491 2542 1704 2573 servatum:

207 2596 402 2635 CVPlDO.
443 2595 618 2633 VENOS.
656 2591 888 2631 VITORIA.
912 2595 1013 2633 RIT.
1039 2594 1212 2640 ..quod
1249 2599 1341 2640 post
1377 2594 1535 2640 primum
1574 2595 1712 2631 bellum

196 2647 389 2692 'Punicum
415 2660 516 2691 certe
542 2666 618 2690 non
644 2653 784 2690 factum
811 2656 882 2689 est.

1472 2708 1511 2745 3⁴¹
