1944 2904
42 0 178 57 §maj-r:

40 57 63 96 ἐξ
82 48 97 61 ,Σ
121 59 124 61 .

0 148 89 222 ἕξ
149 177 181 196 ν.
216 160 221 164 ’

0 249 45 302 ἔ

206 42 243 55 .-

819 175 874 181 ..
935 153 1104 192 27.-

142 265 143 268 ’
195 265 304 311 ¹cum
338 267 551 309 Mercator
593 281 676 309 non
709 270 808 308 ante
850 279 1014 308 annum
1040 265 1122 309 558
1154 280 1192 308 u.
1225 278 1257 307 c.
1291 265 1472 320 primum
1516 268 1614 308 acta
1646 264 1716 319 sit,

0 321 170 376 †“'—'“
205 334 465 379 sententiam
510 334 750 389 Ladewigii
794 335 837 377 in
880 348 984 376 mus.
1036 334 1153 378 rhen.
1195 334 1278 377 vol.
1321 335 1382 376 ΠΙ
1426 349 1466 390 p.
1507 335 1588 376 184
1630 347 1715 375 non

204 403 391 460 accipio,
434 403 505 459 qui
537 403 635 447 aliis
667 403 810 447 causis
850 402 955 445 mihi
994 403 1167 458 quidem
1204 402 1380 446 minime
1417 401 1715 458 probabilibus

122 504 139 516 .-
167 471 562 532 ,Amphitruonem
594 472 777 528 primum
809 485 923 515 anno
958 472 1037 516 559
1072 486 1110 517 u.
1146 486 1179 515 c.
1210 471 1253 514 in
1284 472 1451 515 theatro
1474 474 1713 527 spectatam

71 567 94 599 .'
158 554 162 588 ζ
206 553 304 585 esse
335 542 563 585 contendit.

321 600 415 654 Uno
446 615 678 667 praeterea
708 610 803 653 lo'co
842 610 983 653 Aulul.
1021 611 1102 654 555
1136 623 1197 665 sq.
1218 611 1395 653 Plautus
1427 609 1587 653 fabulis
1625 609 1715 652 suis

147 689 151 692 *
196 679 495 723 narrationem
534 678 587 722 de
624 681 786 722 Iunone
819 682 848 721 ¹e
880 679 1054 723 Graeca
1085 678 1350 734 mythologia
1386 678 1567 734 petitam
1610 678 1717 720 inte-

184 743 307 806 unit.
366 750 516 792 Euclio
549 749 663 792 enim
694 748 930 804 Megadoro
965 748 1233 792 conviciatus
1265 748 1380 803 quod
1417 761 1566 791 omnes
1599 747 1715 790 domi

85 842 97 851 ·
162 823 175 827 ’”
205 818 386 875 angulos
416 818 556 862 furum
599 817 872 874 implevisset
903 817 1061 874 pergit:
1091 817 1234 873 „Quos
1256 817 1293 859 si
1314 817 1454 873 Argus
1478 820 1623 860 servet
1644 816 1715 872 qui

186 888 383 930 oculeus
414 891 526 929 totus
552 887 643 940 fuit,
675 887 811 938 Quem
844 889 1061 941 quondam
1084 886 1179 929 Ioni
1200 887 1308 928 Iuno
1340 886 1561 928 custodem
1593 887 1713 928 addi-

169 993 181 1002 .
204 955 279 1012 dit;
309 956 353 999 Is
383 968 602 1011 nunquam
643 955 825 1012 servet;“
861 955 975 999 hunc
1011 955 1151 998 locum
1192 957 1322 1012 poeta
1360 954 1452 998 sine
1490 954 1624 998 dubio
1661 968 1715 998 ex

204 1025 366 1068 comico
399 1025 584 1080 quodam
616 1025 659 1067 in
690 1029 855 1067 textum
888 1038 1011 1068 suurn
1047 1024 1210 1080 recepit
1242 1024 1315 1079 qni
1346 1037 1517 1067 versum
1548 1028 1718 1079 tragoe-

185 1093 305 1147 -fdiae
336 1094 419 1148 ,los
451 1093 687 1150 inscriptae
729 1093 840 1136 serio
883 1093 954 1136 vel
996 1093 1091 1137 ioco
1144 1091 1315 1136 vid‘etur
1367 1092 1559 1135 imitatus
1603 1105 1713 1136 esse.

166 1193 171 1195 ψ
206 1163 460 1218 Comparari
490 1166 635 1219 potest
672 1163 825 1205 Aesch.
856 1163 1005 1219 Suppl.
1042 1177 1079 1205 v.
1112 1162 1212 1205 291:
1243 1158 1344 1215 ,,τὸν
1373 1154 1514 1203 πάνθ’
1549 1154 1714 1218 ὁρῶντα

134 1260 155 1274 0
197 1222 358 1289 φύλακ’
391 1227 628 1289 ἐπέστησεν
657 1228 772 1288 βοΐ,“
805 1231 879 1289 (sc.
902 1223 1048 1288 ‘'an)
1081 1244 1132 1275 ae
1154 1244 1206 1274 ne
1230 1231 1333 1274 Acci
1356 1230 1528 1286 quidem
1560 1231 1715 1287 tragici

204 1313 356 1343 versus
394 1313 448 1343 ex
476 1302 579 1342 Ione
616 1300 774 1355 petitus
807 1300 909 1356 (386
942 1300 1009 1355 R.)
1040 1313 1066 1341 a
1097 1299 1241 1342 verbis
1280 1299 1495 1341 Plautinis
1536 1301 1713 1341 multum

139 1418 146 1424 ³
204 1368 365 1411 differt:
408 1367 664 1423 „Custodem
719 1367 949 1410 adsiduum
991 1367 1085 1410 Ioni
1124 1367 1325 1424 adposuit
1362 1367 1555 1422 virgini.“
1629 1369 1716 1411 Me-

201 1436 367 1479 nander
397 1440 542 1478 autem
576 1436 629 1478 de
663 1437 775 1489 Argo
797 1436 988 1490 loquitur
1018 1435 1151 1486 (Stob.
1184 1435 1318 1478 Serm.
1342 1438 1406 1490 74,
1429 1435 1518 1491 27):
1548 1431 1715 1490 ,λάθοι

202 1495 507 1560 ὅᾶ’ν”Λργου
537 1499 616 1555 τὰς
647 1497 1028 1561 πυκνοφθάλμους
1057 1497 1238 1560 κόρας.“
1283 1502 1346 1546 Cf.
1379 1503 1508 1546 Arist.
1547 1504 1659 1547 Eccl.
1690 1518 1719 1547 v

203 1574 269 1615 80.
301 1571 354 1615 81
377 1585 472 1615 cum
492 1572 655 1628 Schol.;
685 1572 784 1615 vide
812 1576 1040 1629 praeterea
1062 1572 1116 1615 de
1153 1572 1326 1616 Cratino
1350 1573 1531 1615 Mueller
1560 1573 1715 1616 Gesch.

3 1613 30 1668 ἶ
78 1650 83 1656 ’
155 1655 164 1710 '.
203 1641 280 1684 der
309 1641 468 1696 grieoh.
500 1640 647 1684 Later.
678 1641 734 1683 113
765 1642 860 1683 234.

317 1710 417 1753 Filii
450 1710 565 1753 Iovis
598 1714 696 1753 sunt
727 1710 880 1754 Castor
911 1713 953 1754 et
979 1710 1134 1754 Pollux
1157 1710 1391 1767 (Pollucesz
1429 1710 1530 1754 vide
1564 1711 1715 1754 Bacch.

204 1792 244 1821 V.
289 1778 392 1835 894)
425 1792 603 1833 quorum
647 1780 852 1843 templum
895 1778 939 1820 in
971 1778 1093 1821 Cure.
1124 1793 1163 1821 v.
1194 1780 1276 1820 481
1311 1783 1357 1820 ut
1400 1779 1509 1821 solet
1554 1779 1716 1831 „aedes

208 1847 431 1891 Castoris“
474 1847 726 1890 nominatur.
786 1848 878 1890 Iam
924 1860 1036 1890 anno
1081 1849 1163 1890 258
1195 1862 1234 1890 u.
1265 1861 1300 1890 e.
1341 1847 1492 1890 horum
1537 1847 1713 1891 deorum

204 1917 344 1958 cultus
378 1916 597 1958 institutus
631 1920 723 1958 erat
754 1920 796 1958 et
827 1929 956 1971 quam
988 1916 1077 1958 cari
1110 1916 1268 1959 fuerint
1290 1917 1461 1971 populo,
1491 1916 1593 1958 inde
1627 1917 1713 1958 evi-

203 1985 359 2028 denter
380 1988 573 2040 apparet,
597 1984 712 2039 quod
734 1985 878 2028 nullae
900 1984 1083 2028 fortasse
1105 1984 1429 2028 interiectiones
1451 1984 1494 2027 in
1517 1999 1716 2028 sermone

205 2053 374 2107 volgari
405 2052 557 2095 maiori
590 2053 685 2095 usui
706 2052 881 2095 fuerunt
903 2067 1029 2107 quam
1056 2053 1211 2108 edepol
1240 2053 1347 2108 (pol)
1370 2056 1412 2096 et
1436 2053 1513 2109 (m)
1537 2057 1715 2097 ecastor.

209 2120 322 2172 Quid
364 2120 475 2165 inter
519 2135 594 2165 eas
625 2121 794 2165 intersit
836 2121 937 2165 vide
979 2122 1096 2177 apud
1128 2121 1365 2165 Prellerum
1397 2136 1435 2177 p.
1468 2123 1562 2165 658.
1622 2122 1714 2166 Huc

203 2190 391 2246 pertinet
422 2190 550 2233 etiam
584 2190 797 2246 particula
841 2191 1027 2245 ,hercle⁷,
1072 2204 1184 2245 quae
1226 2191 1324 2247 ipsa
1354 2191 1409 2234 de
1441 2191 1512 2234 dei
1542 2191 1715 2234 nomine

204 2256 378 2315 sumpta
409 2259 548 2303 milies
579 2259 623 2303 in
655 2260 809 2303 Plauto
842 2259 965 2303 nobis
997 2260 1199 2315 occurrit;
1247 2259 1298 2303 cf.
1340 2260 1505 2304 Preller
1543 2276 1581 2316 p.
1623 2260 1714 2303 653.

92 2364 97 2367 ,
200 2328 383 2383 ‚Eccere‘
426 2331 583 2384 autem,
624 2341 736 2385 quae
772 2342 857 2373 vox
888 2341 983 2372 cum
1016 2328 1172 2372 Cerere
1211 2329 1444 2372 cohaerere
1472 2333 1601 2372 antea
1641 2343 1715 2385 pu-

205 2397 388 2451 tabatur,
421 2397 651 2439 Ribbeckii
675 2398 916 2453 sagacitate
939 2423 993 2427 ——
1015 2399 1216 2452 Beitrage
1248 2412 1321 2440 zur
1343 2399 1482 2441 Lehre
1513 2412 1597 2441 von
1629 2399 1714 2441 den

200 2465 274 2509 lat.
317 2465 554 2521 Partikeln,
593 2466 774 2523 Leipzig
806 2467 915 2509 1869
954 2482 996 2524 p.
1028 2468 1082 2509 43
1126 2480 1187 2522 sq.
1218 2492 1273 2497 —
1304 2467 1411 2509 nihil
1452 2467 1572 2510 aliud
1616 2481 1714 2511 esse

199 2528 333 2590 'quam
365 2538 602 2590 ‚ecce-rem’
641 2537 964 2592 comprobatum
1005 2542 1082 2578 est.
1147 2538 1210 2578 De
1245 2538 1320 2592 pol
1357 2540 1526 2578 ecastor
1571 2537 1714 2580 hercle

200 2603 259 2646 cf.
291 2608 519 2660 praeterea
552 2604 716 2647 Grimm
748 2605 773 2648 l.
804 2606 831 2647 i.
864 2619 906 2661 p.
942 2606 1003 2650 10..
1037 2606 1130 2648 359.
1163 2606 1259 2647 966.

320 2674 383 2715 De
414 2673 608 2717 Minerva
639 2674 825 2717 breviter
847 2687 1067 2729 exponere
1090 2675 1207 2717 licet:
1239 2688 1338 2717 nam
1362 2678 1534 2730 praeter
1555 2676 1712 2718 Bacch.
