1944 2904
164 240 167 242 Α
226 236 265 266 v.
303 224 430 278 11343
469 223 597 279 (Men.
628 234 665 265 v.
700 223 781 264 140
830 222 1186 275 „Commoditatis
1218 224 1357 268 omnis
1382 220 1591 275 articulos
1621 213 1777 283 selo)

226 291 401 335 Brixius
430 291 540 334 bene
571 294 793 347 comparat
814 291 1079 335 Gr'aecolum
1100 281 1228 335 deum
1251 288 1439 350 Καιρόν;
1468 293 1569 337 talis
1596 282 1769 354 etiaisn

227 360 566 417 Opportunitas'
555 373 598 402 ιιι
620 361 687 402 Ps.
719 372 757 402 v.
778 360 878 416 669,
905 360 1141 404 Munditia
1147 361 1191 404 in
1213 360 1310 404 Cas.
1332 375 1369 404 v.
1392 364 1430 406 2.
1461 364 1498 406 3.
1530 362 1567 417 9,
1589 361 1756 427 Copia

227 429 272 472 in
304 430 371 473 Ps.
402 443 439 472 v.
471 430 565 483 736,
606 428 769 472 Iniuria
798 428 842 471 in
873 422 982 472 Rud.
1012 444 1050 473 v.
1083 431 1181 486 626,
1212 431 1425 474 Saturitas
1461 431 1510 478 in
1538 425 1668 490 Capt
1692 431 1747 479 ν’..

227 502 321 553 877,
364 498 557 541 Se1vitus
606 498 650 540 in
693 498 812 541 Asin.
854 512 893 542 v.
937 499 1038 553 306,
1078 500 1189 543 tales
1232 500 1418 555 denique
1449 500 1636 557 Inopia
1655 481 1774 559 (ef

226 563 392 610 Πενίαν
422 567 465 609 ἰιι
495 566 623 622 Arist.
654 566 780 610 Pluto
817 573 860 610 et
890 567 933 610 in
972 567 1168 611 Platonis
1193 558 1428 626 convivio)
1466 573 1510 614 et
1541 566 1734 616 Luxuria
1754 585 1784 606 »ν

227 637 270 679 in
313 635 551 678 Trinummi
593 636 786 692 prologo.
859 635 980 688 Quae
1024 638 1226 694 exempla
1267 641 1431 682 restant
1471 637 1577 682 vide
1615 626 1777 695 apud*

227 704 480 748 Lorenzium
510 704 554 747 in
586 705 805 760 plooemio
837 705 895 748 ad
926 705 1187 750 Pseudolum
1219 722 1260 763 p.
1293 709 1346 750 22
1379 707 1475 750 adn.
1507 708 1572 750 20.
1673 713 1679 717 ”
1749 697 1769 760 ⁷*

340 771 471 816 Fides
509 771 593 815 dea
628 772 798 829 magnis
836 787 1007 830 semper
1044 778 1087 817 et
1124 775 1269 818 multis
1305 775 1539 819 honoribus
1575 758 1736 825 afficie-

227 843 352 885 batur
382 845 424 884 et
455 842 628 897 quidem
660 843 824 886 Romae
856 843 995 898 magis
1038 857 1167 899 quam
1198 844 1240 886 in
1275 844 1463 888 Graeeia
1498 845 1609 888 haee
1650 845 1736 889 dea
1761 848 1797 897 .'·'
1816 850 1845 886 ²³}

232 911 347 955 culta
378 924 474 954 esse
506 911 686 966 videtur,
718 912 886 955 etiamsi
917 911 1099 956 Athenis
1131 925 1302 969 quoque
1333 909 1494 957 Πίστει
1529 909 1735 971 templum
1789 925 1809 961 ὲ,
1831 918 1935 976 ὀ

230 983 495 1022 exstructum
526 980 662 1023 fuisse
694 980 873 1035 Diogen.
897 995 1013 1036 prov.
1036 984 1073 1023 2.
1095 983 1150 1024 80
1171 985 1366 1031 testatur.
1407 983 1574 1026 Romae
1590 986 1735 1035 autem
1782 1000 1791 1029 f

226 1049 312 1091 iam
357 1049 500 1092 Numa
543 1049 663 1105 prius
705 1049 828 1092 Fidei
873 1063 1002 1105 quam
1035 1050 1127 1093 Iovi
1171 1051 1377 1108 templum
1420 1050 1738 1108 aedificaverat,
1763 1049 1785 1076 Ὗ

226 1118 340 1174 quod
372 1117 480 1161 haee
512 1117 549 1160 si
580 1108 664 1161 dea
696 1117 869 1161 deesset
898 1132 978 1162 nee
1009 1119 1229 1162 civitatem
1262 1122 1475 1163 tutaretur
1507 1120 1736 1176 imperium
1861 1122 1865 1129 '

226 1189 342 1240 stare
374 1203 459 1231 non
489 1201 621 1244 posse
652 1188 693 1231 ei
729 1201 983 1245 persuasum
1014 1191 1122 1243 erat3
1155 1189 1205 1231 ef.
1226 1187 1336 1233 Gell.
1357 1188 1491 1234 20.>1.
1511 1191 1591 1234 39.
1616 1189 1737 1242 Bene

225 1258 354 1313 igitur
384 1258 565 1301 Plautus
586 1257 630 1299 in
653 1256 838 1300 Casinae
860 1256 983 1299 initio
1015 1256 1136 1300 dieit:
1174 1256 1378 1312 „Salvere
1408 1257 1536 1302 iubeo
1568 1261 1741 1315 speetas
1776 1285 1779 1286 ν
1815 1274 1915 1321 s

224 1331 339 1371 tores
371 1330 584 1382 optumos,
605 1325 757 1368 Fidem
790 1326 863 1381 qui
883 1325 1028 1368 facitis
1050 1325 1239 1368 maxumi
1271 1319 1437 1369 etitem
1459 1340 1538 1373 vos
1559 1326 1748 1382 Fidesff,
1799 1350 1817 1367 ,·

226 1396 327 1440 vide
371 1396 591 1451 Parergon
633 1409 674 1451 p.
706 1395 800 1437 201.
860 1393 905 1437 Si
937 1397 1079 1437 autem
1123 1394 1168 1436 in
1198 1394 1351 1448 Aulul„
1382 1408 1420 1439 v.
1464 1396 1545 1439 584
1588 1394 1739 1439 Euelio

230 1480 325 1509 eum
357 1465 501 1509 aulam
534 1453 630 1507 auri
672 1463 716 1507 in
746 1463 870 1506 Fidei
909 1463 1117 1520 templum
1149 1462 1411 1508 abstulisset:
1457 1463 1633 1521 „Fides‚
1674 1464 1739 1508 in·
1786 1500 1791 1506 .

229 1536 336 1591 quit,
365 1534 525 1578 novisti
557 1547 625 1576 me
658 1536 700 1578 et
730 1545 811 1588 ego
842 1536 897 1587 te,
928 1546 1034 1576 eave
1065 1531 1125 1575 sis
1155 1532 1247 1588 tibi,
1277 1532 1344 1576 Ne
1374 1533 1417 1576 in
1438 1547 1507 1577 me
1537 1533 1741 1580 mutassis
1772 1530 1773 1533 ’
1815 1548 1817 1555 “
1877 1522 1883 1529 “

228 1617 399 1659 nomen,
430 1604 468 1647 si
490 1602 572 1646 hoe
594 1602 852 1662 eonoredu03
884 1601 961 1645 Ibo
983 1601 1040 1645 ad
1066 1605 1113 1645 ⁴te
1133 1602 1268 1646 fretus
1295 1608 1369 1645 tua
1388 1601 1742 1659 Fidesflduc-iae‘-
1792 1639 1794 1642 ,
1829 1658 1835 1664 .
1866 1640 1912 1662 c:

218 1687 313 1717 ..non
358 1672 435 1726 est
456 1686 531 1715 eur
574 1671 683 1714 haee
715 1670 1113 1718 Euclionisvetba
1144 1670 1364 1731 miremur,
1406 1685 1502 1715 eum
1545 1685 1592 1716 se
1634 1672 1784 1730 nulls
1833 1692 1911 1712 ι

228 1741 392 1786 homini
433 1754 486 1784 ae
528 1754 582 1784 ne
625 1739 750 1783 Fidei
794 1739 969 1794 quidem
1011 1742 1182 1795 putaret
1224 1738 1351 1783 fidem
1394 1740 1557 1784 habere
1599 1753 1741 1797 posse.
1778 1777 1780 1781 ,
1834 1780 1918 1803 .-

185 1848 187 1851 ,
230 1795 355 1863 Quod
398 1823 495 1853 eum
538 1809 704 1852 diceret
735 1808 952 1851 Strobilus
995 1820 1144 1850 servos
1187 1821 1429 1852 sermonem
1460 1809 1554 1866 eius
1591 1812 1742 1865 capta·

227 1881 367 1934 verat,
409 1877 488 1921 sed
530 1890 557 1920 a
588 1890 692 1921 sene
740 1875 1038 1932 deprehensus
1080 1878 1310 1932 postquam
1342 1876 1486 1919 omnia
1524 1890 1637 1932 quae
1667 1877 1741 1921 ille
1903 1874 1907 1882 “

228 1946 415 1990 dixisset
447 1950 490 1989 et
519 1945 698 1989 fecisset
729 1944 840 1988 seire
878 1958 925 1987 se
956 1944 1177 2000 professus
1214 1949 1299 1999 est,
1341 1958 1475 1989 senex
1512 1936 1665 1989 aurum
1695 1945 1741 1988 in
1769 1944 1775 1954 '
1864 1981 1873 1990 ,,
1892 1986 1913 2006 .·.

228 2015 395 2058 Silvani
424 2015 521 2057 luco
565 2014 639 2069 qui
670 2016 794 2057 extra
825 2014 974 2056 urbem
1006 2016 1099 2056 erat
1129 2012 1336 2057 defodere
1376 2013 1597 2057 constituit
1628 2012 1757 2062 unde.

220 2086 365 2141 ‘verba
407 2082 710 2143 intellegemus
752 2095 905 2126 versus
949 2083 1048 2125 676:
1097 2082 1340 2134 „Certumst
1379 2082 1555 2126 Silvano
1576 2080 1742 2139 potius
1888 2081 1912 2094 ⁷*

230 2153 403 2198 credam
448 2156 576 2209 quam
622 2151 786 2196 Fidei.“
859 2151 952 2195 Huc
994 2150 1182 2207 pertinet
1222 2150 1329 2194 Dius
1361 2149 1512 2213 Fidius
1554 2163 1743 2207 quoque.-

166 2276 171 2280 ,
230 2227 414 2279 apparet
445 2222 615 2266 Fidium
647 2236 674 2265 a
704 2221 787 2265 fide
831 2220 1093 2265 derivatum*
1117 2234 1213 2264 esse
1245 2246 1299 2251 ——
1331 2220 1386 2264 de
1429 2234 1512 2275 quo
1555 2234 1606 2264 eo
1637 2220 1751 2264 mihi‘

231 2282 333 2336 lieet
364 2291 552 2342 breviori
584 2304 682 2335 esse
714 2291 829 2346 quod
859 2290 980 2333 loeus
1012 2302 1096 2344 quo
1135 2292 1493 2337 commemoratur
1523 2288 1640 2334 Asin.
1671 2289 1743 2353 22⁹3:
1878 2334 1915 2350 s„

234 2375 342 2417 „per
372 2361 499 2404 Dium
531 2360 700 2403 Fidium
732 2359 923 2414 quaeris:
959 2359 1098 2402 iurato
1130 2357 1235 2401 mihi
1266 2358 1404 2402 Video
1435 2361 1614 2402 neeesse
1645 2365 1744 2403 esse
1813 2351 1917 2409 ⁶55}

232 2429 377 2484 eloqui
409 2429 618 2485 quidquid
648 2431 816 2484 roges,“
849 2428 1033 2471 fortasse
1066 2427 1237 2484 spurius
1270 2431 1358 2471 est.
1398 2427 1510 2470 Nam
1542 2430 1745 2471 eum'aut
1814 2479 1819 2486 .

205 2497 383 2542 ⁴versus
427 2497 481 2541 23
514 2500 556 2540 et
587 2498 642 2539 24
672 2500 746 2540 aut
778 2497 831 2540 25
870 2500 913 2541 et
951 2498 1004 2540 26
1037 2496 1173 2540 deleri
1224 2495 1429 2552 debeant,
1471 2499 1617 2539 tamen
1648 2498 1765 2553 utra,
1817 2493 1940 2559 Υ

231 2567 428 2643 reeensio
474 2567 664 2623 genuina
707 2566 763 2611 sit
805 2566 959 2610 merito
1003 2565 1318 2623 dubltave11s1)
1379 2565 1597 2623 Imprimis
1635 2565 1755 2611 Dius'
1819 2558 1886 2602 '¹³‘
1912 2610 1922 2627 ς

333 2661 358 2703 ¹)
386 2658 441 2694 Cf.
469 2658 589 2694 Goetz
616 2659 653 2694 et
677 2657 814 2694 Loewe
840 2657 880 2693 in
903 2657 1139 2703 praefatione
1158 2655 1267 2693 Asin.
1292 2669 1328 2702 p.
1355 2656 1467 2692 XXII.
