1944 2904
215 221 490 282 „Custoditur
535 224 581 267 in
623 224 776 268 eodem
808 225 901 268 loco
944 227 990 267 ut
1031 238 1180 268 omnes
1216 220 1367 281 aperto
1411 225 1555 282 capite
1604 237 1729 268 saera

212 291 394 349 faciaut3
426 292 508 336 hoc
538 292 584 336 fit
613 306 675 337 ne
699 293 796 348 quis
826 293 871 336 in
902 293 1012 337 aede
1042 293 1115 337 dei
1140 292 1373 349 (Herculis)
1405 293 1599 337 habitum
1630 293 1725 337 eius

91 417 100 422 f
196 359 420 417 imitetur3
463 374 562 405 nam
606 362 701 418 ipse
732 361 792 405 ibi
825 365 974 418 operto
1007 366 1074 405 est
1105 361 1260 417 capite.
1325 362 1457 405 Varro
1499 360 1562 405 ait
1592 361 1725 406 Grac-

210 439 314 486 cum
344 430 457 474 hunc
487 444 584 474 esse
615 444 794 474 morem:
827 431 930 485 quia
961 431 1053 473 sive
1084 431 1179 486 ipse
1211 430 1303 473 sive
1335 431 1409 485 qui
1430 430 1486 473 ab
1508 444 1560 474 60
1581 431 1723 473 relicti

70 505 73 506 ’
103 517 112 528 ν
164 537 167 541 .
212 511 333 542 aram
364 499 598 543 maximam
630 502 888 554 statuerunt,
930 500 1097 543 Graeco
1128 499 1211 542 ritu
1244 499 1633 554 sacrificaverunt;“
1673 500 1726 542 cf.

211 565 314 611 ibid
344 567 378 621 Ι,
408 569 447 611 8.
477 570 515 611 2.
575 567 656 610 Hic
694 581 787 611 mos
826 567 924 611 aliis
963 581 1134 624 quoque
1173 568 1384 624 exemplis
1424 569 1727 624 comprobatur

66 687 68 689 v
99 687 102 690 ¹
210 639 258 679 ut
289 635 378 680 Cic.
409 636 453 680 in
485 637 594 680 libro
625 637 680 680 de
712 636 828 697 deor.
859 640 942 681 nat.
975 637 1032 680 ΙΙ.
1064 638 1101 680 3.
1135 636 1208 693 10;
1240 637 1290 681 cf.
1324 637 1455 681 etiam
1477 640 1577 681 acta
1604 636 1725 681 fratr·

19 699 27 707 ’
157 748 177 757 ,,
212 717 301 749 arv.
341 705 511 762 (Henz.)
553 720 593 762 p.
638 707 708 749 79:
749 707 793 749 in
835 718 998 763 pronao
1042 705 1167 749 aedis
1198 705 1466 749 Concordiae
1496 739 1505 749 .
1537 739 1545 747 .
1577 706 1723 749 velato

29 777 40 785 ⁸
212 767 355 831 capite
385 806 395 815 .
427 808 436 817 .
467 774 724 818 sacrificium
754 775 1013 818 indixerunt.
1044 776 1170 831 Prop.
1202 777 1275 815 ΙΙΙ.
1306 775 1361 816 28
1375 774 1411 818 b.
1441 775 1510 817 45.

0 881 14 901 ,ᾗ
325 842 526 902 Pluribus
578 843 693 886 locis
743 842 915 899 Epidici
964 842 1140 885 fabulae
1182 843 1363 885 Plautus
1413 842 1630 885 fidicinam
1681 842 1723 885 in

142 960 144 962 ¹
211 920 413 955 scaenam
446 911 660 968 produxit,
692 924 803 967 quae
834 911 935 954 dum
965 923 1034 954 res
1066 911 1216 954 divina
1245 911 1366 954 fieret
1387 914 1582 954 cantaret
1613 910 1718 967 (315

6 970 15 990 '⁴
210 992 246 1024 e.
277 979 347 1037 6.>;
380 980 416 1023 81
447 979 530 1023 hoc
560 980 673 1035 fecit,
703 994 757 1023 ne
788 993 894 1024 vera
924 993 1057 1023 causa
1089 993 1163 1023 cur
1198 979 1408 1023 arcessita
1429 983 1545 1023 esset
1565 992 1723 1035 cogno-

181 1071 183 1073 ·
210 1052 402 1092 sceretur
414 1073 470 1080 -—
482 1049 592 1092 haec
605 1049 719 1092 enim
732 1049 906 1092 fidicina
921 1049 1167 1104 eratpuella
1176 1048 1478 1104 Stratippoclis
1488 1073 1543 1079 —
1558 1062 1720 1091 morem

176 1110 179 1112 μ
211 1118 499 1160 Romanorum
532 1117 707 1160 minime
739 1117 932 1161 servavit
952 1131 1031 1160 nec
1053 1117 1170 1173 apud
1194 1117 1387 1160 Graecos
1408 1113 1723 1173 κιθαρίστριαι

207 1186 279 1229 ‘vel
309 1180 527 1242 ψάλτριαι
569 1185 612 1228 in
655 1185 878 1229 sacrificiis
922 1189 1146 1229 cantantes
1189 1184 1293 1227 mihi
1335 1189 1609 1229 occurrerunt
1651 1185 1720 1241 (cf.

208 1254 427 1298 Hermann
481 1254 663 1310 gottesd.
710 1254 891 1298 Alterth.
934 1253 1010 1297 der
1057 1252 1290 1297 Griechen²
1333 1268 1373 1310 p.
1418 1255 1512 1308 226,
1557 1254 1629 1310 16)
1678 1257 1720 1297 61

208 1322 266 1366 ad
294 1326 465 1380 tempus
495 1323 611 1380 apud
642 1323 846 1367 Etruscos
867 1326 1033 1367 tantum
1064 1322 1210 1366 hocin
1232 1336 1311 1366 usu
1339 1322 1476 1366 fuisse
1500 1321 1611 1378 scio,
1642 1323 1716 1366 ubi

215 1391 502 1436 citharistriae
532 1393 576 1436 in
607 1392 830 1436 sacrificiis
860 1395 1064 1435 canentes
1094 1406 1178 1435 non
1208 1405 1307 1435 raro
1338 1392 1628 1448 repcriuntur;
1665 1392 1718 1435 cf.

210 1460 389 1505 Mueller
419 1461 489 1504 die
521 1460 731 1504 Etrusker
759 1460 831 1504 11.2
862 1461 945 1504 200
974 1461 1073 1504 adn.
1105 1461 1170 1505 11.

324 1529 470 1573 Aedes
501 1533 646 1573 autem
668 1529 845 1573 deorum
867 1529 912 1571 in
932 1529 1086 1572 Plauto
1110 1542 1327 1584 nunquam
1345 1529 1552 1585 templum
1582 1529 1719 1572 nomi—

207 1600 344 1652 natur,
366 1595 452 1641 ¹sed
483 1598 679 1640 omnibus
710 1598 817 1641 locis
848 1598 981 1641 aedes
1014 1610 1138 1640 sacra
1168 1598 1239 1640 vel
1270 1596 1416 1640 fanum
1462 1597 1531 1640 vel
1569 1597 1719 1640 delub-

124 1691 163 1698 ·-
207 1680 300 1709 rum
344 1666 407 1723 (in
451 1681 533 1710 uno
576 1667 706 1711 Poen.
748 1680 787 1711 v.
819 1668 856 1709 5.
888 1669 925 1710 4.
957 1666 1019 1723 2);
1064 1667 1118 1709 (16
1162 1666 1475 1721 significatione
1518 1666 1719 1709 vocabuli

178 1734 356 1794 *templi
399 1735 443 1778 in
488 1735 655 1778 duobus
686 1734 793 1778 locis
829 1734 1044 1791 Plautinis
1088 1734 1197 1779 Rud.
1229 1729 1330 1788 909,
1372 1734 1459 1778 Μ11.
1502 1734 1586 1778 413
1617 1734 1719 1779 vide

207 1803 367 1846 Nissen
398 1803 424 1846 l.
455 1803 482 1847 i.
512 1818 553 1860 p.
583 1805 621 1847 3.

322 1871 543 1915 Interdum
585 1876 715 1928 poeta
763 1872 818 1915 de
864 1884 941 1914 ara
971 1871 1157 1927 loquitur
1192 1895 1250 1901 —
1290 1871 1449 1914 Tranio
1486 1884 1637 1914 servus
1674 1872 1718 1915 in

208 1941 333 1983 Most.
363 1953 459 1982 cum
489 1940 534 1982 in
565 1940 677 1983 hunc
708 1941 847 1984 locum
877 1939 1120 1995 confugerit
1158 1952 1299 1995 neque
1339 1952 1597 1995 quemquam
1634 1940 1716 1982 sibi

153 2007 156 2009 ’
207 2008 278 2052 bic
321 2008 561 2056 nociturum
605 2021 703 2053 esse
747 2008 857 2052 sciat
897 2008 969 2052 vel
1011 2008 1230 2051 dominum
1274 2021 1397 2051 suum
1440 2007 1590 2052 ludere
1632 2021 1716 2052 non

0 2121 1 2124 ,
206 2077 392 2134 dubitat,
435 2081 477 2121 et
507 2077 550 2121 in
582 2078 690 2123 Rud.
720 2092 759 2121 v.
793 2079 876 2122 694
906 2092 967 2134 sq.
999 2078 1111 2122 duae
1142 2077 1345 2122 mulieres
1382 2090 1435 2122 ne
1473 2078 1642 2122 lenonis
1671 2077 1717 2121 in

0 2148 48 2197 ἐς
211 2161 363 2208 manus
405 2147 599 2191 incidant
642 2161 762 2191 aram
810 2148 993 2192 Veneris
1036 2147 1326 2192 conscendere
1370 2153 1553 2204 pergunt
1590 2175 1641 2181 —
1673 2148 1716 2191 in

136 2233 144 2242 ⁴
208 2230 294 2272 qua
325 2216 461 2272 siquis
492 2216 747 2261 consederat
777 2230 917 2272 neque
961 2217 1057 2273 ipse
1099 2217 1258 2260 malum
1302 2216 1482 2260 timebat
1517 2230 1596 2260 nec
1627 2216 1716 2259 cui-

134 2276 148 2302 ,·
171 2294 180 2315 s
208 2299 336 2341 quam
378 2285 492 2328 hunc
523 2284 578 2329 de
608 2298 685 2328 ara
715 2286 935 2341 depellere
967 2287 1037 2329 vel
1080 2286 1281 2342 deripere
1323 2286 1499 2329 licebat:
1543 2300 1620 2329 ara
1651 2290 1717 2330 cst

67 2411 70 2413 μ
207 2354 327 2398 locus
357 2353 529 2397 divinus
560 2357 606 2396 ut
625 2353 687 2397 ait
707 2354 866 2397 Tranio
888 2354 933 2397 in
951 2368 988 2398 v.
1014 2355 1134 2399 1104.
1179 2354 1341 2406 Quodsi
1370 2360 1515 2397 tamen
1537 2354 1716 2398 Plautus

62 2433 69 2435 “
131 2466 137 2469 ,
207 2422 252 2465 in
282 2421 443 2466 fabulis
473 2421 559 2465 illis
590 2422 789 2467 lenonem
821 2426 864 2467 et
900 2423 1120 2466 dominum
1157 2424 1371 2467 minantes
1413 2422 1516 2467 fecit
1549 2437 1596 2467 se
1626 2423 1716 2480 igni

176 2518 178 2521 v
208 2495 251 2535 et
282 2491 511 2536 sarmentis
541 2492 687 2535 allatis
719 2506 794 2535 eos
823 2493 880 2536 ab
902 2493 990 2536 aris
1013 2507 1111 2537 6886
1132 2493 1400 2550 depulsuros,
1432 2505 1483 2535 ea
1505 2492 1560 2536 de
1582 2505 1716 2536 causa

68 2610 73 2614 ,
125 2616 128 2619 ⁴
207 2560 289 2604 hoc
319 2561 490 2604 videtur
518 2560 758 2617 scripsisse,
790 2565 836 2604 ut
856 2561 1123 2619 impietatem
1145 2566 1188 2607 et
1208 2561 1526 2620 improbitatem
1549 2561 1715 2606 lenonis

80 2660 84 2663 »
104 2622 117 2688 ’ᾖ
206 2633 250 2674 61
278 2629 575 2674 crudelitatem
606 2629 767 2674 domini
799 2630 1073 2676 describeret.
1115 2632 1277 2688 Legem
1312 2631 1505 2688 quidem,
1536 2645 1591 2675 ex
1623 2645 1711 2687 qua
